@Manual{R-base,
  title = {R: A Language and Environment for Statistical Computing},
  author = {{R Core Team}},
  organization = {R Foundation for Statistical Computing},
  address = {Vienna, Austria},
  year = {2020},
  url = {https://www.R-project.org/},
}
@Manual{R-buildmer,
  title = {buildmer: Stepwise Elimination and Term Reordering for Mixed-Effects
Regression},
  author = {Cesko C. Voeten},
  year = {2020},
  note = {R package version 1.6},
  url = {https://CRAN.R-project.org/package=buildmer},
}
@Manual{R-dplyr,
  title = {dplyr: A Grammar of Data Manipulation},
  author = {Hadley Wickham and Romain François and Lionel Henry and Kirill Müller},
  year = {2020},
  note = {R package version 1.0.0},
  url = {https://CRAN.R-project.org/package=dplyr},
}
@Manual{R-emmeans,
  title = {emmeans: Estimated Marginal Means, aka Least-Squares Means},
  author = {Russell Lenth},
  year = {2020},
  note = {R package version 1.4.8},
  url = {https://CRAN.R-project.org/package=emmeans},
}
@Manual{R-forcats,
  title = {forcats: Tools for Working with Categorical Variables (Factors)},
  author = {Hadley Wickham},
  year = {2020},
  note = {R package version 0.5.0},
  url = {https://CRAN.R-project.org/package=forcats},
}
@Book{R-ggplot2,
  author = {Hadley Wickham},
  title = {ggplot2: Elegant Graphics for Data Analysis},
  publisher = {Springer-Verlag New York},
  year = {2016},
  isbn = {978-3-319-24277-4},
  url = {https://ggplot2.tidyverse.org},
}
@Article{R-lme4,
  title = {Fitting Linear Mixed-Effects Models Using {lme4}},
  author = {Douglas Bates and Martin M{\"a}chler and Ben Bolker and Steve Walker},
  journal = {Journal of Statistical Software},
  year = {2015},
  volume = {67},
  number = {1},
  pages = {1--48},
  doi = {10.18637/jss.v067.i01},
}
@Manual{R-magrittr,
  title = {magrittr: A Forward-Pipe Operator for R},
  author = {Stefan Milton Bache and Hadley Wickham},
  year = {2014},
  note = {R package version 1.5},
  url = {https://CRAN.R-project.org/package=magrittr},
}
@Book{R-MASS,
  title = {Modern Applied Statistics with S},
  author = {W. N. Venables and B. D. Ripley},
  publisher = {Springer},
  edition = {Fourth},
  address = {New York},
  year = {2002},
  note = {ISBN 0-387-95457-0},
  url = {http://www.stats.ox.ac.uk/pub/MASS4},
}
@Manual{R-Matrix,
  title = {Matrix: Sparse and Dense Matrix Classes and Methods},
  author = {Douglas Bates and Martin Maechler},
  year = {2019},
  note = {R package version 1.2-18},
  url = {https://CRAN.R-project.org/package=Matrix},
}
@Manual{R-papaja,
  author = {Frederik Aust and Marius Barth},
  title = {{papaja}: {Create} {APA} manuscripts with {R Markdown}},
  year = {2020},
  note = {R package version 0.1.0.9997},
  url = {https://github.com/crsh/papaja},
}
@Manual{R-purrr,
  title = {purrr: Functional Programming Tools},
  author = {Lionel Henry and Hadley Wickham},
  year = {2020},
  note = {R package version 0.3.4},
  url = {https://CRAN.R-project.org/package=purrr},
}
@Manual{R-readr,
  title = {readr: Read Rectangular Text Data},
  author = {Hadley Wickham and Jim Hester and Romain Francois},
  year = {2018},
  note = {R package version 1.3.1},
  url = {https://CRAN.R-project.org/package=readr},
}
@Manual{R-reticulate,
  title = {reticulate: Interface to 'Python'},
  author = {Kevin Ushey and JJ Allaire and Yuan Tang},
  year = {2020},
  note = {R package version 1.16},
  url = {https://CRAN.R-project.org/package=reticulate},
}
@Manual{R-stringr,
  title = {stringr: Simple, Consistent Wrappers for Common String Operations},
  author = {Hadley Wickham},
  year = {2019},
  note = {R package version 1.4.0},
  url = {https://CRAN.R-project.org/package=stringr},
}
@Manual{R-tibble,
  title = {tibble: Simple Data Frames},
  author = {Kirill Müller and Hadley Wickham},
  year = {2020},
  note = {R package version 3.0.3},
  url = {https://CRAN.R-project.org/package=tibble},
}
@Manual{R-tidyr,
  title = {tidyr: Tidy Messy Data},
  author = {Hadley Wickham and Lionel Henry},
  year = {2020},
  note = {R package version 1.1.0},
  url = {https://CRAN.R-project.org/package=tidyr},
}
@Article{R-tidyverse,
  title = {Welcome to the {tidyverse}},
  author = {Hadley Wickham and Mara Averick and Jennifer Bryan and Winston Chang and Lucy D'Agostino McGowan and Romain François and Garrett Grolemund and Alex Hayes and Lionel Henry and Jim Hester and Max Kuhn and Thomas Lin Pedersen and Evan Miller and Stephan Milton Bache and Kirill Müller and Jeroen Ooms and David Robinson and Dana Paige Seidel and Vitalie Spinu and Kohske Takahashi and Davis Vaughan and Claus Wilke and Kara Woo and Hiroaki Yutani},
  year = {2019},
  journal = {Journal of Open Source Software},
  volume = {4},
  number = {43},
  pages = {1686},
  doi = {10.21105/joss.01686},
}
@Article{R-lmerTest,
  title = {{lmerTest} Package: Tests in Linear Mixed Effects Models},
  author = {Alexandra Kuznetsova and Per B. Brockhoff and Rune H. B. Christensen},
  journal = {Journal of Statistical Software},
  year = {2017},
  volume = {82},
  number = {13},
  pages = {1--26},
  doi = {10.18637/jss.v082.i13},
}
@Manual{R-kableExtra,
  title = {kableExtra: Construct Complex Table with 'kable' and Pipe Syntax},
  author = {Hao Zhu},
  year = {2019},
  note = {R package version 1.1.0},
  url = {https://CRAN.R-project.org/package=kableExtra},
}
@Manual{R-cowplot,
  title = {cowplot: Streamlined Plot Theme and Plot Annotations for 'ggplot2'},
  author = {Claus O. Wilke},
  year = {2019},
  note = {R package version 1.0.0},
  url = {https://CRAN.R-project.org/package=cowplot},
}

@article{oldfield1971,
  title={The assessment and analysis of handedness: The {Edinburgh} inventory},
  volume={9},
  ISSN={0028-3932},
  url={http://www.sciencedirect.com/science/article/pii/0028393271900674},
  DOI={10.1016/0028-3932(71)90067-4},
  number={1},
  journal={Neuropsychologia},
  author={Oldfield, R. C.},
  year={1971},
  month={Mar},
  pages={97–113}
}

@article{americanelectroencephalographicsociety1991,
  title={{American Electroencephalographic Society} guidelines for standard electrode position nomenclature},
  volume={8},
  ISSN={0736-0258},
  number={2},
  journal={Journal of Clinical Neurophysiology},
  author={{American Electroencephalographic Society}},
  year={1991},
  month={Apr},
  pages={200–202}
}

@article{gramfort2013,
  title={MEG and {EEG} data analysis with {MNE-Python}},
  volume={7},
  ISSN={1662-453X},
  url={https://www.frontiersin.org/articles/10.3389/fnins.2013.00267/full},
  DOI={10.3389/fnins.2013.00267},
  note={Publisher: Frontiers},
  journal={Frontiers in Neuroscience},
  author={Gramfort, Alexandre and Luessi, Martin and Larson, Eric and Engemann, Denis A. and Strohmeier, Daniel and Brodbeck, Christian and Goj, Roman and Jas, Mainak and Brooks, Teon and Parkkonen, Lauri and Hämäläinen, Matti},
  year={2013}
}

@book{pythonsoftwarefoundation2020,
  address={Beaverton, USA},
  title={Python: A dynamic, open source programming language},
  url={https://www.python.org/},
  author={{Python Software Foundation}},
  year={2020}
}

@article{hyvärinen1999,
  title={Fast and robust fixed-point algorithms for independent component analysis},
  volume={10},
  ISSN={1941-0093},
  DOI={10.1109/72.761722},
  note={Conference Name: IEEE Transactions on Neural Networks},
  number={3},
  journal={IEEE Transactions on Neural Networks},
  author={Hyvärinen, A.},
  year={1999},
  month={May},
  pages={626–634}
}

@article{frömer2018,
  title={Group-level {EEG}-processing pipeline for flexible single trial-based analyses including linear mixed models},
  volume={12},
  ISSN={1662-453X},
  url={https://www.frontiersin.org/articles/10.3389/fnins.2018.00048/full},
  DOI={10.3389/fnins.2018.00048},
  note={Publisher: Frontiers},
  journal={Frontiers in Neuroscience},
  author={Frömer, Romy and Maier, Martin and Abdel Rahman, Rasha},
  year={2018}
}

@article{baayen2008,
  series={Special Issue: Emerging Data Analysis},
  title={Mixed-effects modeling with crossed random effects for subjects and items},
  volume={59},
  ISSN={0749-596X},
  url={http://www.sciencedirect.com/science/article/pii/S0749596X07001398},
  DOI={10.1016/j.jml.2007.12.005},
  number={4},
  journal={Journal of Memory and Language},
  author={Baayen, R. H. and Davidson, D. J. and Bates, D. M.},
  year={2008},
  month={Nov},
  pages={390–412},
  collection={Special Issue: Emerging Data Analysis}
}

@article{bürki2018,
  title={Accounting for stimulus and participant effects in event-related potential analyses to increase the replicability of studies},
  volume={309},
  ISSN={0165-0270},
  url={http://www.sciencedirect.com/science/article/pii/S0165027018302772},
  DOI={10.1016/j.jneumeth.2018.09.016},
  journal={Journal of Neuroscience Methods},
  author={Bürki, Audrey and Frossard, Jaromil and Renaud, Olivier},
  year={2018},
  month={Nov},
  pages={218–227}
}

@article{judd2012,
  title={Treating stimuli as a random factor in social psychology: A new and comprehensive solution to a pervasive but largely ignored problem},
  volume={103},
  ISSN={1939-1315(Electronic),0022-3514(Print)},
  DOI={10.1037/a0028347},
  note={Place: US},
  number={1},
  journal={Journal of Personality and Social Psychology},
  author={Judd, Charles M. and Westfall, Jacob and Kenny, David A.},
  year={2012},
  pages={54–69}
}

@article{fröber2017,
  title={The role of affective evaluation in conflict adaptation: An {LRP} study},
  volume={116},
  ISSN={0278-2626},
  url={http://www.sciencedirect.com/science/article/pii/S0278262616301853},
  DOI={10.1016/j.bandc.2017.05.003},
  journal={Brain and Cognition},
  author={Fröber, Kerstin and Stürmer, Birgit and Frömer, Romy and Dreisbach, Gesine},
  year={2017},
  month={Aug},
  pages={9–16}
}

@article{barr2013,
  title={Random effects structure for confirmatory hypothesis testing: Keep it maximal},
  volume={68},
  ISSN={0749-596X},
  url={https://www.ncbi.nlm.nih.gov/pmc/articles/PMC3881361/},
  DOI={10.1016/j.jml.2012.11.001},
  note={PMID: 24403724},
  number={3},
  journal={Journal of Memory and Language},
  author={Barr, Dale J. and Levy, Roger and Scheepers, Christoph and Tily, Harry J.},
  year={2013},
  month={Apr},
  pages={255–278}
}

@article{matuschek2017,
  title={Balancing {Type I} error and power in linear mixed models},
  volume={94},
  ISSN={0749-596X},
  url={http://www.sciencedirect.com/science/article/pii/S0749596X17300013},
  DOI={10.1016/j.jml.2017.01.001},
  journal={Journal of Memory and Language},
  author={Matuschek, Hannes and Kliegl, Reinhold and Vasishth, Shravan and Baayen, Harald and Bates, Douglas},
  year={2017},
  month={Jun},
  pages={305–315}
}

@book{vanrossum2009,
  place={Scotts Valley, CA},
  title={Python 3 reference manual},
  ISBN={1-4414-1269-7},
  note={Citation Key: 10.5555/1593511},
  publisher={CreateSpace},
  author={{van Rossum}, Guido and Drake, Fred L.},
  year={2009}
}

@article{samaha2018,
  title={Effects of meaningfulness on perception: Alpha-band oscillations carry perceptual expectations and influence early visual responses},
  volume={8},
  ISSN={2045-2322},
  url={https://www.nature.com/articles/s41598-018-25093-5},
  DOI={10.1038/s41598-018-25093-5},
  note={Number: 1},
  number={1},
  journal={Scientific Reports},
  author={Samaha, Jason and Boutonnet, Bastien and Postle, Bradley R. and Lupyan, Gary},
  year={2018},
  month={Apr},
  pages={1–14}
}

@article{kutas2011,
  title={Thirty years and counting: finding meaning in the {N400} component of the event-related brain potential ({ERP})},
  volume={62},
  ISSN={1545-2085},
  DOI={10.1146/annurev.psych.093008.131123},
  note={PMID: 20809790},
  journal={Annual Review of Psychology},
  author={Kutas, Marta and Federmeier, Kara D.},
  year={2011},
  pages={621–647}
}

@article{rabovsky2018,
  title={Modelling the {N400} brain potential as change in a probabilistic representation of meaning},
  volume={2},
  ISSN={2397-3374},
  url={https://www.nature.com/articles/s41562-018-0406-4},
  DOI={10.1038/s41562-018-0406-4},
  note={Number: 9},
  number={9},
  journal={Nature Human Behaviour},
  author={Rabovsky, Milena and Hansen, Steven S. and McClelland, James L.},
  year={2018},
  month={Sep},
  pages={693–705}
}

@article{tanaka2001,
  title={A neural basis for expert object recognition},
  volume={12},
  ISSN={0956-7976},
  url={https://doi.org/10.1111/1467-9280.00308},
  DOI={10.1111/1467-9280.00308},
  note={Publisher: SAGE Publications Inc},
  number={1},
  journal={Psychological Science},
  author={Tanaka, James W. and Curran, Tim},
  year={2001},
  month={Jan},
  pages={43–47}
}

@article{lau2008,
  title={A cortical network for semantics: (De)constructing the {N400}},
  volume={9},
  ISSN={1471-0048},
  url={https://www.nature.com/articles/nrn2532},
  DOI={10.1038/nrn2532},
  note={Number: 12},
  number={12},
  journal={Nature Reviews Neuroscience},
  author={Lau, Ellen F. and Phillips, Colin and Poeppel, David},
  year={2008},
  month={Dec},
  pages={920–933}
}

@article{schad2020,
  title={How to capitalize on a priori contrasts in linear (mixed) models: A tutorial},
  volume={110},
  ISSN={0749-596X},
  url={http://www.sciencedirect.com/science/article/pii/S0749596X19300695},
  DOI={10.1016/j.jml.2019.104038},
  journal={Journal of Memory and Language},
  author={Schad, Daniel J. and Vasishth, Shravan and Hohenstein, Sven and Kliegl, Reinhold},
  year={2020},
  month={Feb},
  pages={104038}
}

@article{abdelrahman2008,
  title={Seeing what we know and understand: how knowledge shapes perception},
  volume={15},
  ISSN={1531-5320},
  url={https://doi.org/10.3758/PBR.15.6.1055},
  DOI={10.3758/PBR.15.6.1055},
  number={6},
  journal={Psychonomic Bulletin & Review},
  author={Abdel Rahman, Rasha and Sommer, Werner},
  year={2008},
  month={Dec},
  pages={1055–1063}
}

@article{gauthier2003,
  title={The influence of conceptual knowledge on visual discrimination},
  volume={20},
  ISSN={0264-3294},
  url={https://doi.org/10.1080/02643290244000275},
  DOI={10.1080/02643290244000275},
  note={Publisher: Routledge _eprint: https://doi.org/10.1080/02643290244000275},
  number={3-6},
  journal={Cognitive Neuropsychology},
  author={Gauthier, I. and James, Thomas W. and Curby, Kim M. and Tarr, Michael J.},
  year={2003},
  month={May},
  pages={507–523}
}

@article{gratton2009,
  title={See what {I} mean? An {ERP} study of the effect of background knowledge on novel object processing},
  volume={37},
  ISSN={1532-5946},
  url={https://doi.org/10.3758/MC.37.3.277},
  DOI={10.3758/MC.37.3.277},
  number={3},
  journal={Memory & Cognition},
  author={Gratton, Caterina and Evans, Karen M. and Federmeier, Kara D.},
  year={2009},
  month={Apr},
  pages={277–291}
}

@article{maier2014,
  title={Does the semantic content of verbal categories influence categorical perception? An {ERP} study},
  volume={91},
  ISSN={0278-2626},
  url={http://www.sciencedirect.com/science/article/pii/S0278262614001250},
  DOI={10.1016/j.bandc.2014.07.008},
  journal={Brain and Cognition},
  author={Maier, Martin and Glage, Philipp and Hohlfeld, Annette and Abdel Rahman, Rasha},
  year={2014},
  month={Nov},
  pages={1–10}
}

@article{maier2019,
  title={No matter how: top-down effects of verbal and semantic category knowledge on early visual perception},
  volume={19},
  ISSN={1531-135X},
  url={https://link.springer.com/article/10.3758/s13415-018-00679-8},
  DOI={10.3758/s13415-018-00679-8},
  note={Company: Springer Institution: Springer Number: 4},
  number={4},
  journal={Cognitive, Affective, & Behavioral Neuroscience},
  author={Maier, Martin and Abdel Rahman, Rasha},
  year={2019},
  month={Aug},
  pages={859–876}
}

@article{weller2019,
  title={Semantic knowledge enhances conscious awareness of visual objects},
  volume={31},
  ISSN={1530-8898},
  DOI={10.1162/jocn_a_01404},
  note={PMID: 30938592},
  number={8},
  journal={Journal of Cognitive Neuroscience},
  author={Weller, Peter D. and Rabovsky, Milena and Abdel Rahman, Rasha},
  year={2019},
  month={Aug},
  pages={1216–1226}
}

@article{rossion2002,
  title={Expertise training with novel objects leads to left-lateralized facelike electrophysiological responses},
  ISSN={1467-9280},
  archiveLocation={Sage CA: Los Angeles, CA},
  note={Publisher: SAGE PublicationsSage CA: Los Angeles, CA},
  journal={Psychological Science},
  author={Rossion, B. and Gauthier, I. and Goffaux, V. and Tarr, M. J. and Crommelinck, M.},
  year={2002},
  doi = {10.1111/1467-9280.00446}
}

@article{rossion2004,
  title={Visual expertise with nonface objects leads to competition with the early perceptual processing of faces in the human occipitotemporal cortex},
  volume={101},
  ISSN={0027-8424},
  url={https://www.ncbi.nlm.nih.gov/pmc/articles/PMC521961/},
  DOI={10.1073/pnas.0405613101},
  note={PMID: 15448209},
  number={40},
  journal={Proceedings of the National Academy of Sciences},
  author={Rossion, B. and Kung, Chun-Chia and Tarr, Michael J.},
  year={2004},
  month={Oct},
  pages={14521–14526}
}

@article{holmes2012,
  title={Does categorical perception in the left hemisphere depend on language?},
  volume={141},
  ISSN={1939-2222},
  DOI={10.1037/a0027289},
  note={PMID: 22329751},
  number={3},
  journal={Journal of Experimental Psychology. General},
  author={Holmes, Kevin J. and Wolff, Phillip},
  year={2012},
  month={Aug},
  pages={439–443}
}

@article{firestone2016,
  title={Cognition does not affect perception: Evaluating the evidence for “top-down” effects},
  volume={39},
  ISSN={0140-525X, 1469-1825},
  url={https://www.cambridge.org/core/journals/behavioral-and-brain-sciences/article/cognition-does-not-affect-perception-evaluating-the-evidence-for-topdown-effects/920E2AE74C642DD3CB3FA8160EA1D84A#},
  DOI={10.1017/S0140525X15000965},
  note={Publisher: Cambridge University Press},
  journal={Behavioral and Brain Sciences},
  author={Firestone, Chaz and Scholl, Brian J.},
  year={2016}
}

@inbook{rossion2011,
  title={The {N170}: Understanding the time course of face perception in the human brain},
  ISBN={978-0-19-994035-6},
  url={https://www.oxfordhandbooks.com/view/10.1093/oxfordhb/9780195374148.001.0001/oxfordhb-9780195374148},
  DOI={10.1093/oxfordhb/9780195374148.001.0001},
  note={Publication Title: The {Oxford} Handbook of Event-Related Potential Components},
  booktitle={The {Oxford} Handbook of Event-Related Potential Components},
  publisher={Oxford University Press},
  author={Rossion, B. and Jacques, Corentin},
  editor={Kappenman, Emily S. and Luck, S. J.},
  year={2011},
  month={Dec},
  pages={115–142}
}

@article{bentin2002,
  title={Meaningful processing of meaningless stimuli: The influence of perceptual experience on early visual processing of faces},
  volume={86},
  ISSN={0010-0277},
  url={http://www.sciencedirect.com/science/article/pii/S0010027702001245},
  DOI={10.1016/S0010-0277(02)00124-5},
  number={1},
  journal={Cognition},
  author={Bentin, Shlomo and Golland, Yulia},
  year={2002},
  month={Nov},
  pages={B1–B14}
}

@article{beaucousin2011,
  title={ERP evidence of a meaningfulness impact on visual global/local processing: When meaning captures attention},
  volume={49},
  ISSN={0028-3932},
  url={http://www.sciencedirect.com/science/article/pii/S002839321100056X},
  DOI={10.1016/j.neuropsychologia.2011.01.039},
  number={5},
  journal={Neuropsychologia},
  author={Beaucousin, Virginie and Cassotti, Mathieu and Simon, Grégory and Pineau, Arlette and Kostova, Milena and Houdé, Olivier and Poirel, Nicolas},
  year={2011},
  month={Apr},
  pages={1258–1266}
}

@article{mangun1995,
  title={Neural mechanisms of visual selective attention},
  volume={32},
  ISSN={1469-8986},
  url={https://onlinelibrary.wiley.com/doi/abs/10.1111/j.1469-8986.1995.tb03400.x},
  DOI={10.1111/j.1469-8986.1995.tb03400.x},
  note={_eprint: https://onlinelibrary.wiley.com/doi/pdf/10.1111/j.1469-8986.1995.tb03400.x},
  number={1},
  journal={Psychophysiology},
  author={Mangun, G. R.},
  year={1995},
  pages={4–18}
}

@article{foxe2002,
  title={Flow of activation from {V1} to frontal cortex in humans},
  volume={142},
  ISSN={1432-1106},
  url={https://doi.org/10.1007/s00221-001-0906-7},
  DOI={10.1007/s00221-001-0906-7},
  number={1},
  journal={Experimental Brain Research},
  author={Foxe, John J. and Simpson, Gregory V.},
  year={2002},
  month={Jan},
  pages={139–150}
}

@article{mangun1991,
  title={Modulations of sensory-evoked brain potentials indicate changes in perceptual processing during visual-spatial priming},
  volume={17},
  ISSN={0096-1523},
  DOI={10.1037//0096-1523.17.4.1057},
  note={PMID: 1837297},
  number={4},
  journal={Journal of Experimental Psychology. Human Perception and Performance},
  author={Mangun, G. R. and Hillyard, S. A.},
  year={1991},
  month={Nov},
  pages={1057–1074}
}

@article{luck1994,
  title={Effects of spatial cuing on luminance detectability: psychophysical and electrophysiological evidence for early selection},
  volume={20},
  ISSN={0096-1523},
  DOI={10.1037//0096-1523.20.4.887},
  note={PMID: 8083642},
  number={4},
  journal={Journal of Experimental Psychology: Human Perception and Performance},
  author={Luck, S. J. and Hillyard, S. A. and Mouloua, M. and Woldorff, M. G. and Clark, V. P. and Hawkins, H. L.},
  year={1994},
  month={Aug},
  pages={887–904}
}

@article{taylor2002,
  title={Non-spatial attentional effects on {P1}},
  volume={113},
  ISSN={1388-2457},
  url={http://www.sciencedirect.com/science/article/pii/S1388245702003097},
  DOI={10.1016/S1388-2457(02)00309-7},
  note={tex.ids: taylor2002a},
  number={12},
  journal={Clinical Neurophysiology},
  author={Taylor, Margot J.},
  year={2002},
  month={Dec},
  pages={1903–1908}
}

@article{collins2014,
  title={Knowledge is power: How conceptual knowledge transforms visual cognition},
  volume={21},
  ISSN={1531-5320},
  url={https://doi.org/10.3758/s13423-013-0564-3},
  DOI={10.3758/s13423-013-0564-3},
  number={4},
  journal={Psychonomic Bulletin & Review},
  author={Collins, Jessica A. and Olson, Ingrid R.},
  year={2014},
  month={Aug},
  pages={843–860}
}

@article{lupyan2012,
  title={Linguistically Modulated Perception and Cognition: The Label-Feedback Hypothesis},
  volume={3},
  ISSN={1664-1078},
  url={https://www.frontiersin.org/articles/10.3389/fpsyg.2012.00054/full},
  DOI={10.3389/fpsyg.2012.00054},
  note={Publisher: Frontiers},
  journal={Frontiers in Psychology},
  author={Lupyan, Gary},
  year={2012}
}

@article{clark2013,
  title = {Whatever next? {{Predictive}} Brains, Situated Agents, and the Future of Cognitive Science},
  author = {Clark, Andy},
  year = {2013},
  volume = {36},
  pages = {181--204},
  doi = {10.1017/S0140525X12000477},
  journal = {Behavioral and Brain Sciences},
  keywords = {aha_topdown},
  language = {en},
  number = {3}
}

@article{lupyan2020,
  title={Effects of Language on Visual Perception},
  volume={24},
  ISSN={1364-6613},
  url={http://www.sciencedirect.com/science/article/pii/S1364661320302138},
  DOI={10.1016/j.tics.2020.08.005},
  number={11},
  journal={Trends in Cognitive Sciences},
  author={Lupyan, Gary and Abdel Rahman, Rasha and Boroditsky, Lera and Clark, Andy},
  year={2020},
  month={Nov},
  pages={930–944}
}

@article{vetter2014,
  title={Varieties of cognitive penetration in visual perception},
  volume={27},
  ISSN={1053-8100},
  url={http://www.sciencedirect.com/science/article/pii/S1053810014000634},
  DOI={10.1016/j.concog.2014.04.007},
  journal={Consciousness and Cognition},
  author={Vetter, Petra and Newen, Albert},
  year={2014},
  month={Jul},
  pages={62–75}
}

@book{fodor1983,
  place={Cambridge, Mass},
  title={The modularity of mind},
  ISBN={978-0-262-06084-4 978-0-262-56025-2},
  publisher={MIT Press},
  author={Fodor, J. A.},
  year={1983}
}

@article{fodor1984,
  title={Observation reconsidered},
  volume={51},
  ISSN={0031-8248},
  url={https://www.journals.uchicago.edu/doi/10.1086/289162},
  DOI={10.1086/289162},
  note={Publisher: The University of Chicago Press},
  number={1},
  journal={Philosophy of Science},
  author={Fodor, J. A.},
  year={1984},
  month={Mar},
  pages={23–43}
}

@article{pylyshyn1999,
  title={Is vision continuous with cognition? The case for cognitive impenetrability of visual perception},
  volume={22},
  ISSN={1469-1825, 0140-525X},
  url={https://www.cambridge.org/core/journals/behavioral-and-brain-sciences/article/is-vision-continuous-with-cognition-the-case-for-cognitive-impenetrability-of-visual-perception/87D01D78F39B364E761277F0DD450797},
  DOI={10.1017/S0140525X99002022},
  note={Publisher: Cambridge University Press},
  number={3},
  journal={Behavioral and Brain Sciences},
  author={Pylyshyn, Zenon},
  year={1999},
  month={Jun},
  pages={341–365}
}

@inbook{machery2015,
  title={Cognitive penetrability: A no-progress report},
  ISBN={978-0-19-180210-2},
  DOI={10.1093/acprof:oso/9780198738916.003.0002},
  note={Publication Title: The Cognitive Penetrability of Perception},
  booktitle={The Cognitive Penetrability of Perception: New Philosophical Perspectives},
  publisher={Oxford University Press},
  author={Machery, Edouard},
  editor={Zeimbekis, John and Raftopoulos, Athanassios},
  year={2015}
}

@article{churchland1988,
  title={Perceptual Plasticity and Theoretical Neutrality: A Reply to {Jerry} {Fodor}},
  volume={55},
  ISSN={0031-8248},
  url={https://www.journals.uchicago.edu/doi/10.1086/289425},
  DOI={10.1086/289425},
  note={Publisher: The University of Chicago Press},
  number={2},
  journal={Philosophy of Science},
  author={Churchland, Paul M.},
  year={1988},
  month={Jun},
  pages={167–187}
}

@article{lupyan2015,
  title={Cognitive Penetrability of Perception in the Age of Prediction: Predictive Systems are Penetrable Systems},
  volume={6},
  ISSN={1878-5166},
  url={https://doi.org/10.1007/s13164-015-0253-4},
  DOI={10.1007/s13164-015-0253-4},
  note={tex.ids: lupyan2015a},
  number={4},
  journal={Review of Philosophy and Psychology},
  author={Lupyan, Gary},
  year={2015},
  month={Dec},
  pages={547–569}
}

@article{thierry2016,
  title={Neurolinguistic relativity: How language flexes human perception and cognition},
  volume={66},
  ISSN={1467-9922},
  url={https://onlinelibrary.wiley.com/doi/abs/10.1111/lang.12186},
  DOI={10.1111/lang.12186},
  note={_eprint: https://onlinelibrary.wiley.com/doi/pdf/10.1111/lang.12186},
  number={3},
  journal={Language Learning},
  author={Thierry, Guillaume},
  year={2016},
  pages={690–713}
}

@article{phelps2016,
  title={Emotion Facilitates Perception and Potentiates the Perceptual Benefits of Attention},
  ISSN={1467-9280},
  archiveLocation={Sage CA: Los Angeles, CA},
  url={https://journals.sagepub.com/doi/10.1111/j.1467-9280.2006.01701.x},
  note={Publisher: SAGE PublicationsSage CA: Los Angeles, CA},
  journal={Psychological Science},
  author={Phelps, Elizabeth A. and Ling, Sam and Carrasco, Marisa},
  year={2016},
  month={May}
}

@article{bocanegra2009,
  title={Emotion improves and impairs early vision},
  volume={20},
  ISSN={1467-9280(Electronic),0956-7976(Print)},
  DOI={10.1111/j.1467-9280.2009.02354.x},
  note={Place: United Kingdom},
  number={6},
  journal={Psychological Science},
  author={Bocanegra, Bruno R. and Zeelenberg, René},
  year={2009},
  pages={707–713}
}

@article{boutonnet2015,
  title={Words jump-start vision: a label advantage in object recognition},
  volume={35},
  ISSN={0270-6474, 1529-2401},
  url={https://www.jneurosci.org/content/35/25/9329},
  DOI={10.1523/JNEUROSCI.5111-14.2015},
  note={Publisher: Society for Neuroscience PMID: 26109657},
  number={25},
  journal={Journal of Neuroscience},
  author={Boutonnet, Bastien and Lupyan, Gary},
  year={2015},
  month={Jun},
  pages={9329–9335}
}

@article{balcetis2010,
  title={Wishful Seeing: More Desired Objects Are Seen as Closer},
  volume={21},
  ISSN={0956-7976},
  url={https://doi.org/10.1177/0956797609356283},
  DOI={10.1177/0956797609356283},
  note={Publisher: SAGE Publications Inc},
  number={1},
  journal={Psychological Science},
  author={Balcetis, Emily and Dunning, David},
  year={2010},
  month={Jan},
  pages={147–152}
}

@article{cole2012,
  title={Affective Signals of Threat Increase Perceived Proximity},
  archiveLocation={Sage CA: Los Angeles, CA},
  url={https://journals.sagepub.com/doi/10.1177/0956797612446953},
  DOI={10.1177/0956797612446953},
  note={Publisher: SAGE PublicationsSage CA: Los Angeles, CA},
  journal={Psychological Science},
  author={Cole, Shana and Balcetis, Emily and Dunning, David},
  year={2012},
  month={Nov}
}

@article{maier2018,
  title={Native Language Promotes Access to Visual Consciousness},
  volume={29},
  ISSN={0956-7976},
  url={https://doi.org/10.1177/0956797618782181},
  DOI={10.1177/0956797618782181},
  note={Publisher: SAGE Publications Inc},
  number={11},
  journal={Psychological Science},
  author={Maier, Martin and Abdel Rahman, Rasha},
  year={2018},
  month={Nov},
  pages={1757–1772}
}

@article{mo2011,
  title={Electrophysiological evidence for the left-lateralized effect of language on preattentive categorical perception of color},
  volume={108},
  ISSN={0027-8424, 1091-6490},
  url={https://www.pnas.org/content/108/34/14026},
  DOI={10.1073/pnas.1111860108},
  note={Publisher: National Academy of Sciences PMID: 21844340},
  number={34},
  journal={Proceedings of the National Academy of Sciences},
  author={Mo, Lei and Xu, Guiping and Kay, Paul and Tan, Li-Hai},
  year={2011},
  month={Aug},
  pages={14026–14030}
}

@article{abdelrahman2011,
  title={Facing good and evil: Early brain signatures of affective biographical knowledge in face recognition},
  volume={11},
  ISSN={1931-1516(Electronic),1528-3542(Print)},
  DOI={10.1037/a0024717},
  note={Place: US},
  number={6},
  journal={Emotion},
  author={Abdel Rahman, Rasha},
  year={2011},
  pages={1397–1405}
}

@article{suess2015,
  title={Perceiving emotions in neutral faces: expression processing is biased by affective person knowledge},
  volume={10},
  ISSN={1749-5024},
  DOI={10.1093/scan/nsu088},
  note={PMID: 24948155},
  number={4},
  journal={Social Cognitive and Affective Neuroscience},
  author={Suess, Franziska and Rabovsky, Milena and Abdel Rahman, Rasha},
  year={2015},
  month={Apr},
  pages={531–536}
}

@article{eiserbeck2020,
  title={Visual consciousness of faces in the attentional blink: Knowledge-based effects of trustworthiness dominate over appearance-based impressions},
  volume={83},
  ISSN={1053-8100},
  url={http://www.sciencedirect.com/science/article/pii/S1053810020301033},
  DOI={10.1016/j.concog.2020.102977},
  journal={Consciousness and Cognition},
  author={Eiserbeck, Anna and Abdel Rahman, Rasha},
  year={2020},
  month={Aug},
  pages={102977}
}

@article{dirusso2001,
  title={Cortical sources of the early components of the visual evoked potential},
  volume={15},
  ISSN={1097-0193},
  url={https://onlinelibrary.wiley.com/doi/abs/10.1002/hbm.10010},
  DOI={10.1002/hbm.10010},
  note={_eprint: https://onlinelibrary.wiley.com/doi/pdf/10.1002/hbm.10010},
  number={2},
  journal={Human Brain Mapping},
  author={Di Russo, Francesco and Martínez, Antígona and Sereno, Martin I. and Pitzalis, Sabrina and Hillyard, Steven A.},
  year={2001},
  pages={95–111}
}

@inbook{luck2014,
  place={Cambridge, Massachusetts},
  edition={2nd ed.},
  title={Overview of common ERP components},
  ISBN={978-0-262-52585-5},
  booktitle={An Introduction to the Event-Related Potential Technique},
  publisher={MIT Press},
  author={Luck, S. J.},
  year={2014},
  pages={71–118}
}

@article{johannes1995,
  title={Luminance and spatial attention effects on early visual processing},
  volume={2},
  ISSN={0926-6410},
  url={http://www.sciencedirect.com/science/article/pii/092664109590008X},
  DOI={10.1016/0926-6410(95)90008-X},
  number={3},
  journal={Cognitive Brain Research},
  author={Johannes, S. and Münte, T. F. and Heinze, H. J. and Mangun, G. R.},
  year={1995},
  month={Jul},
  pages={189–205}
}

@article{luck2000,
  title={Event-related potential studies of attention},
  volume={4},
  ISSN={1364-6613},
  url={http://www.sciencedirect.com/science/article/pii/S136466130001545X},
  DOI={10.1016/S1364-6613(00)01545-X},
  note={PMID: 11058821},
  number={11},
  journal={Trends in Cognitive Sciences},
  author={Luck, S. J. and Woodman, Geoffrey F. and Vogel, Edward K.},
  year={2000},
  month={Nov},
  pages={432–440}
}

@article{vogel2000,
  title={The visual {N1} component as an index of a discrimination process},
  volume={37},
  ISSN={0048-5772},
  DOI={10.1111/1469-8986.3720190},
  note={PMID: 10731769},
  number={2},
  journal={Psychophysiology},
  author={Vogel, E. K. and Luck, S. J.},
  year={2000},
  month={Mar},
  pages={190–203}
}

@article{haber1966,
  title={Nature of the effect of set on perception},
  volume={73},
  ISSN={0033-295X},
  archiveLocation={1966-09533-001},
  url={http://search.ebscohost.com/login.aspx?direct=true&db=pdh&AN=1966-09533-001&site=ehost-live},
  DOI={10.1037/h0023442},
  note={Publisher: American Psychological Association},
  number={4},
  journal={Psychological Review},
  author={Haber, Ralph N.},
  year={1966},
  month={Jul},
  pages={335–351}
}

@article{lin1997,
  title={Effects of background knowledge on object categorization and part detection},
  volume={23},
  ISSN={0096-1523},
  archiveLocation={1997-05321-014},
  url={http://search.ebscohost.com/login.aspx?direct=true&db=pdh&AN=1997-05321-014&site=ehost-live},
  DOI={10.1037/0096-1523.23.4.1153},
  note={Publisher: American Psychological Association},
  number={4},
  journal={Journal of Experimental Psychology: Human Perception and Performance},
  author={Lin, Emilie L. and Murphy, Gregory L.},
  year={1997},
  month={Aug},
  pages={1153–1169}
}

@article{bentin1996,
  title={Electrophysiological studies of face perception in humans},
  volume={8},
  ISSN={0898-929X},
  url={https://www.ncbi.nlm.nih.gov/pmc/articles/PMC2927138/},
  DOI={10.1162/jocn.1996.8.6.551},
  note={PMID: 20740065},
  number={6},
  journal={Journal of Cognitive Neuroscience},
  author={Bentin, Shlomo and Allison, Truett and Puce, Aina and Perez, Erik and McCarthy, Gregory},
  year={1996},
  month={Nov},
  pages={551–565}
}

@article{gauthier2003a,
  title = {Perceptual Interference Supports a Non-Modular Account of Face Processing},
  author = {Gauthier, I. and Curran, Tim and Curby, Kim M. and Collins, Daniel},
  year = {2003},
  month = apr,
  volume = {6},
  pages = {428--432},
  publisher = {{Nature Publishing Group}},
  issn = {1546-1726},
  doi = {10.1038/nn1029},
  copyright = {2003 Nature Publishing Group},
  journal = {Nature Neuroscience},
  keywords = {aha_N1},
  language = {en},
  number = {4}
}

@article{eimer2011,
  title={The {N170} component and its links to configural face processing: A rapid neural adaptation study},
  volume={1376},
  ISSN={0006-8993},
  url={http://www.sciencedirect.com/science/article/pii/S0006899310027113},
  DOI={10.1016/j.brainres.2010.12.046},
  journal={Brain Research},
  author={Eimer, Martin and Gosling, Angela and Nicholas, Susan and Kiss, Monika},
  year={2011},
  month={Feb},
  pages={76–87}
}

@article{jacques2010,
  title={Misaligning face halves increases and delays the {N170} specifically for upright faces: Implications for the nature of early face representations},
  volume={1318},
  ISSN={0006-8993},
  url={http://www.sciencedirect.com/science/article/pii/S0006899309027681},
  DOI={10.1016/j.brainres.2009.12.070},
  journal={Brain Research},
  author={Jacques, Corentin and Rossion, B.},
  year={2010},
  month={Mar},
  pages={96–109}
}

@article{rossion1999,
  title={Spatio-temporal localization of the face inversion effect: an event-related potentials study},
  volume={50},
  ISSN={0301-0511},
  url={http://www.sciencedirect.com/science/article/pii/S0301051199000137},
  DOI={10.1016/S0301-0511(99)00013-7},
  number={3},
  journal={Biological Psychology},
  author={Rossion, B. and Delvenne, J.-F. and Debatisse, D. and Goffaux, V. and Bruyer, R. and Crommelinck, M. and Guérit, J.-M.},
  year={1999},
  month={Jul},
  pages={173–189}
}

@article{sagiv2001,
  title={Structural Encoding of Human and Schematic Faces: Holistic and Part-Based Processes},
  volume={13},
  ISSN={0898-929X},
  url={https://doi.org/10.1162/089892901753165854},
  DOI={10.1162/089892901753165854},
  note={Publisher: MIT Press},
  number={7},
  journal={Journal of Cognitive Neuroscience},
  author={Sagiv, Noam and Bentin, Shlomo},
  year={2001},
  month={Oct},
  pages={937–951}
}

@article{lifei-fei2006,
  title={One-shot learning of object categories},
  volume={28},
  ISSN={1939-3539},
  DOI={10.1109/TPAMI.2006.79},
  note={Conference Name: IEEE Transactions on Pattern Analysis and Machine Intelligence},
  number={4},
  journal={IEEE Transactions on Pattern Analysis and Machine Intelligence},
  author={Li Fei-Fei and Fergus, R. and Perona, P.},
  year={2006},
  month={Apr},
  pages={594–611}
}

@inbook{churchland1994,
  place={Cambridge, MA, US},
  title={A critique of pure vision},
  ISBN={978-0-262-11183-6},
  booktitle={Computational neuroscience. Large-scale neuronal theories of the brain},
  publisher={MIT Press},
  author={Churchland, Patricia S. and Ramachandran, Vilayanur S. and Sejnowski, Terrence J.},
  editor={Koch, C. and Davis, J. L.},
  year={1994},
  pages={23–60}
}




@inproceedings{koch2015,
  title={Siamese neural networks for one-shot image recognition},
  volume={vol. 2},
  url={https://www.cs.cmu.edu/~rsalakhu/papers/oneshot1.pdf},
  booktitle={Deep Learning Workshop at the 2015 International Conference on Machine Learning},
  publisher={Lille},
  author={Koch, Gregory and Zemel, Richard and Salakhutdinov, Ruslan},
  year={2015}
}

@article{gilbert2013,
  title={Top-down influences on visual processing},
  volume={14},
  ISSN={1471-0048},
  url={https://www.nature.com/articles/nrn3476},
  DOI={10.1038/nrn3476},
  note={Number: 5},
  number={5},
  journal={Nature Reviews Neuroscience},
  author={Gilbert, Charles D. and Li, Wu},
  year={2013},
  month={May},
  pages={350–363}
}

@article{hsieh2010,
  title={Recognition alters the spatial pattern of {fMRI} activation in early retinotopic cortex},
  volume={103},
  ISSN={1522-1598},
  DOI={10.1152/jn.00812.2009},
  note={PMID: 20071627},
  number={3},
  journal={Journal of Neurophysiology},
  author={Hsieh, P.-J. and Vul, E. and Kanwisher, N.},
  year={2010},
  month={Mar},
  pages={1501–1507}
}

@article{hubel1962,
  title={Receptive fields, binocular interaction and functional architecture in the cat’s visual cortex},
  volume={160},
  ISSN={0022-3751},
  url={https://www.ncbi.nlm.nih.gov/pmc/articles/PMC1359523/},
  note={PMID: 14449617},
  number={1},
  journal={The Journal of Physiology},
  author={Hubel, D. H. and Wiesel, T. N.},
  year={1962},
  month={Jan},
  pages={106–154.2}
}

@article{goodale1992,
  title={Separate visual pathways for perception and action},
  volume={15},
  ISSN={0166-2236},
  url={http://www.sciencedirect.com/science/article/pii/0166223692903448},
  DOI={10.1016/0166-2236(92)90344-8},
  number={1},
  journal={Trends in Neurosciences},
  author={Goodale, Melvyn A. and Milner, A. David},
  year={1992},
  month={Jan},
  pages={20–25}
}

@article{ahissar2004,
  title={The reverse hierarchy theory of visual perceptual learning},
  volume={8},
  ISSN={1364-6613},
  url={http://www.sciencedirect.com/science/article/pii/S1364661304002153},
  DOI={10.1016/j.tics.2004.08.011},
  number={10},
  journal={Trends in Cognitive Sciences},
  author={Ahissar, Merav and Hochstein, Shaul},
  year={2004},
  month={Oct},
  pages={457–464}
}

@article{hochstein2002,
  title={View from the Top: Hierarchies and Reverse Hierarchies in the Visual System},
  volume={36},
  ISSN={0896-6273},
  url={http://www.sciencedirect.com/science/article/pii/S0896627302010917},
  DOI={10.1016/S0896-6273(02)01091-7},
  number={5},
  journal={Neuron},
  author={Hochstein, Shaul and Ahissar, Merav},
  year={2002},
  month={Dec},
  pages={791–804}
}

@article{yuille2006,
  series={Special issue: Probabilistic models of cognition},
  title={Vision as Bayesian inference: analysis by synthesis?},
  volume={10},
  ISSN={1364-6613},
  url={http://www.sciencedirect.com/science/article/pii/S1364661306001264},
  DOI={10.1016/j.tics.2006.05.002},
  number={7},
  journal={Trends in Cognitive Sciences},
  author={Yuille, Alan and Kersten, Daniel},
  year={2006},
  month={Jul},
  pages={301–308},
  collection={Special issue: Probabilistic models of cognition}
}

@article{panichello2013,
  title={Predictive Feedback and Conscious Visual Experience},
  volume={3},
  ISSN={1664-1078},
  url={https://www.frontiersin.org/articles/10.3389/fpsyg.2012.00620/full},
  DOI={10.3389/fpsyg.2012.00620},
  note={Publisher: Frontiers},
  journal={Frontiers in Psychology},
  author={Panichello, Matthew F. and Cheung, Olivia S. and Bar, Moshe},
  year={2013}
}

@article{bullier2001,
  series={The Brain in Health and Disease - from Molecules to Man. Swiss National Foundation Symposium NRP 38},
  title={Integrated model of visual processing},
  volume={36},
  ISSN={0165-0173},
  url={http://www.sciencedirect.com/science/article/pii/S0165017301000856},
  DOI={10.1016/S0165-0173(01)00085-6},
  number={2},
  journal={Brain Research Reviews},
  author={Bullier, Jean},
  year={2001},
  month={Oct},
  pages={96–107},
  collection={The Brain in Health and Disease - from Molecules to Man. Swiss National Foundation Symposium NRP 38}
}

@article{teufel2017,
  series={Cognitive Penetration and Predictive Coding},
  title={How to (and how not to) think about top-down influences on visual perception},
  volume={47},
  ISSN={1053-8100},
  url={http://www.sciencedirect.com/science/article/pii/S1053810016300927},
  DOI={10.1016/j.concog.2016.05.008},
  journal={Consciousness and Cognition},
  author={Teufel, Christoph and Nanay, Bence},
  year={2017},
  month={Jan},
  pages={17–25},
  collection={Cognitive Penetration and Predictive Coding}
}

@book{marr1982,
  place={San Francisco},
  title={Vision: A computational investigation into the human representation and processing of visual information},
  ISBN={978-0-7167-1284-8},
  publisher={W.H. Freeman},
  author={Marr, David},
  year={1982}
}
@Manual{R-tinylabels,
  title = {tinylabels: Lightweight Variable Labels},
  author = {Marius Barth},
  year = {2020},
  note = {R package version 0.1.0},
  url = {https://CRAN.R-project.org/package=tinylabels},
}

@article{wyatte2014,
  title={Early recurrent feedback facilitates visual object recognition under challenging conditions},
  volume={5},
  ISSN={1664-1078},
  url={https://www.frontiersin.org/articles/10.3389/fpsyg.2014.00674/full},
  DOI={10.3389/fpsyg.2014.00674},
  note={Publisher: Frontiers},
  journal={Frontiers in Psychology},
  author={Wyatte, Dean and Jilk, David J. and O’Reilly, Randall C.},
  year={2014},
  pages={674}
}

@inbook{pratt2011,
  title={Sensory ERP components},
  DOI={10.1093/oxfordhb/9780195374148.013.0050},
  booktitle={The {Oxford handbook} of event-related potential components},
  publisher={Oxford University Press},
  author={Pratt, Hillel},
  editor={Kappenman, Emily S. and Luck, Steven J.},
  year={2011},
  month={Dec},
  pages={89–114}
}

@article{dicarlo2012,
  title={How does the brain solve visual object recognition?},
  volume={73},
  ISSN={1097-4199},
  DOI={10.1016/j.neuron.2012.01.010},
  note={PMID: 22325196},
  number={3},
  journal={Neuron},
  author={DiCarlo, James J. and Zoccolan, Davide and Rust, Nicole C.},
  year={2012},
  month={Feb},
  pages={415–434}
}

@article{mitchell2020,
  title={On crashing the barrier of meaning in artificial intelligence},
  volume={41},
  ISSN={2371-9621},
  url={https://ojs.aaai.org/index.php/aimagazine/article/view/5259},
  DOI={10.1609/aimag.v41i2.5259},
  note={Number: 2},
  number={2},
  journal={AI Magazine},
  author={Mitchell, Melanie},
  year={2020},
  month={Jun},
  pages={86–92}
}

@article{supp2005,
  title={Semantic memory retrieval: cortical couplings in object recognition in the N400 window},
  volume={21},
  ISSN={1460-9568},
  url={https://onlinelibrary.wiley.com/doi/abs/10.1111/j.1460-9568.2005.03906.x},
  DOI={https://doi.org/10.1111/j.1460-9568.2005.03906.x},
  note={_eprint: https://onlinelibrary.wiley.com/doi/pdf/10.1111/j.1460-9568.2005.03906.x},
  number={4},
  journal={European Journal of Neuroscience},
  author={Supp, Gernot G. and Schlögl, Alois and Fiebach, Christian J. and Gunter, Thomas C. and Vigliocco, Gabriella and Pfurtscheller, Gert and Petsche, Hellmuth},
  year={2005},
  pages={1139–1143}
}

@article{barrett1990,
  title={Event-related potentials and the semantic matching of pictures},
  volume={14},
  ISSN={0278-2626},
  url={http://www.sciencedirect.com/science/article/pii/027826269090029N},
  DOI={10.1016/0278-2626(90)90029-N},
  number={2},
  journal={Brain and Cognition},
  author={Barrett, Sarah E and Rugg, Michael D},
  year={1990},
  month={Nov},
  pages={201–212}
}

@article{ganis1996,
  title={The search for “common sense”: An electrophysiological study of the comprehension of words and pictures in reading},
  volume={8},
  ISSN={1530-8898(Electronic),0898-929X(Print)},
  DOI={10.1162/jocn.1996.8.2.89},
  note={Place: US},
  number={2},
  journal={Journal of Cognitive Neuroscience},
  author={Ganis, Giorgio and Kutas, Marta and Sereno, Martin I.},
  year={1996},
  pages={89–106}
}

@article{hirschfeld2011,
  title={Effects of language comprehension on visual processing – MEG dissociates early perceptual and late N400 effects},
  volume={116},
  ISSN={0093-934X},
  url={http://www.sciencedirect.com/science/article/pii/S0093934X1000129X},
  DOI={10.1016/j.bandl.2010.07.002},
  number={2},
  journal={Brain and Language},
  author={Hirschfeld, Gerrit and Zwitserlood, Pienie and Dobel, Christian},
  year={2011},
  month={Feb},
  pages={91–96}
}

@article{baker2020,
  title={Power contours: Optimising sample size and precision in experimental psychology and human neuroscience},
  ISSN={1939-1463},
  DOI={10.1037/met0000337},
  note={PMID: 32673043},
  journal={Psychological Methods},
  author={Baker, Daniel H. and Vilidaite, Greta and Lygo, Freya A. and Smith, Anika K. and Flack, Tessa R. and Gouws, André D. and Andrews, Timothy J.},
  year={2020},
  month={Jul}
}

@article{clarke2020,
  title={Cognitive penetration and informational encapsulation: Have we been failing the module?},
  ISSN={1573-0883},
  url={https://doi.org/10.1007/s11098-020-01565-1},
  DOI={10.1007/s11098-020-01565-1},
  journal={Philosophical Studies},
  author={Clarke, Sam},
  year={2020},
  month={Oct}
}
@Manual{R-gdtools,
  title = {gdtools: Utilities for Graphical Rendering},
  author = {David Gohel and Hadley Wickham and Lionel Henry and Jeroen Ooms},
  year = {2021},
  note = {R package version 0.2.3},
  url = {https://CRAN.R-project.org/package=gdtools},
}
@Manual{R-magick,
  title = {magick: Advanced Graphics and Image-Processing in R},
  author = {Jeroen Ooms},
  year = {2020},
  note = {R package version 2.4.0},
  url = {https://CRAN.R-project.org/package=magick},
}

@article{serre2007,
  title = {A Feedforward Architecture Accounts for Rapid Categorization},
  author = {Serre, Thomas and Oliva, Aude and Poggio, Tomaso},
  year = {2007},
  volume = {104},
  pages = {6424--6429},
  doi = {10.1073/pnas.0700622104},
  journal = {Proceedings of the National Academy of Sciences},
  number = {15}
}

@article{lindsay2020,
    author = {Lindsay, Grace W.},
    title = "{Convolutional Neural Networks as a Model of the Visual System: Past, Present, and Future}",
    journal = {Journal of Cognitive Neuroscience},
    pages = {1-15},
    year = {2020},
    month = {02},
    issn = {0898-929X},
    doi = {10.1162/jocn_a_01544},
    url = {https://doi.org/10.1162/jocn\_a\_01544},
    eprint = {https://direct.mit.edu/jocn/article-pdf/doi/10.1162/jocn\_a\_01544/1888650/jocn\_a\_01544.pdf},
}
@Manual{R-afex,
  title = {afex: Analysis of Factorial Experiments},
  author = {Henrik Singmann and Ben Bolker and Jake Westfall and Frederik Aust and Mattan S. Ben-Shachar},
  year = {2021},
  note = {http://afex.singmann.science/, https://github.com/singmann/afex},
}
