@article{abdelrahman2008,
  title = {Seeing What We Know and Understand: How Knowledge Shapes Perception},
  author = {Abdel Rahman, Rasha and Sommer, Werner},
  year = {2008},
  journal = {Psychon Bull Rev},
  volume = {15},
  number = {6},
  pages = {1055--1063},
  doi = {10.3758/PBR.15.6.1055},
  langid = {english}
}

@article{ahissar2004,
  title = {The Reverse Hierarchy Theory of Visual Perceptual Learning},
  author = {Ahissar, Merav and Hochstein, Shaul},
  year = {2004},
  journal = {Trends Cogn Sci},
  volume = {8},
  number = {10},
  pages = {457--464},
  doi = {10.1016/j.tics.2004.08.011},
  langid = {english}
}

@article{americanelectroencephalographicsociety1991,
  title = {American {{Electroencephalographic Society}} Guidelines for Standard Electrode Position Nomenclature},
  author = {{American Electroencephalographic Society}},
  year = {1991},
  journal = {J Clin Neurophysiol},
  volume = {8},
  number = {2},
  pages = {200--202},
  langid = {english}
}

@article{athanasopoulos2020,
  title = {The {{Whorfian}} Brain: {{Neuroscientific}} Approaches to Linguistic Relativity},
  author = {Athanasopoulos, Panos and Casaponsa, Aina},
  year = {2020},
  journal = {Cogn Neuropsychol},
  volume = {37},
  number = {5-6},
  pages = {393--412},
  publisher = {{Routledge}},
  doi = {10.1080/02643294.2020.1769050}
}

@article{balcetis2010,
  title = {Wishful Seeing: {{More}} Desired Objects Are Seen as Closer},
  author = {Balcetis, Emily and Dunning, David},
  year = {2010},
  journal = {Psychol Sci},
  volume = {21},
  number = {1},
  pages = {147--152},
  publisher = {{SAGE Publications Inc}},
  doi = {10.1177/0956797609356283},
  langid = {english}
}

@article{barrett1990,
  title = {Event-Related Potentials and the Semantic Matching of Pictures},
  author = {Barrett, Sarah E and Rugg, Michael D},
  year = {1990},
  journal = {Brain Cogn},
  volume = {14},
  number = {2},
  pages = {201--212},
  doi = {10.1016/0278-2626(90)90029-N},
  langid = {english}
}

@article{beaucousin2011,
  title = {{{ERP}} Evidence of a Meaningfulness Impact on Visual Global/Local Processing: {{When}} Meaning Captures Attention},
  author = {Beaucousin, Virginie and Cassotti, Mathieu and Simon, Gr{\'e}gory and Pineau, Arlette and Kostova, Milena and Houd{\'e}, Olivier and Poirel, Nicolas},
  year = {2011},
  journal = {Neuropsychologia},
  volume = {49},
  number = {5},
  pages = {1258--1266},
  doi = {10.1016/j.neuropsychologia.2011.01.039},
  langid = {english}
}

@article{bentin1985,
  title = {Event-Related Potentials, Lexical Decision and Semantic Priming},
  author = {Bentin, S. and McCarthy, G. and Wood, C. C.},
  year = {1985},
  journal = {Electroencephalogr Clin Neurophysiol},
  volume = {60},
  number = {4},
  pages = {343--355},
  doi = {10.1016/0013-4694(85)90008-2},
  langid = {english}
}

@article{bentin2002,
  title = {Meaningful Processing of Meaningless Stimuli: {{The}} Influence of Perceptual Experience on Early Visual Processing of Faces},
  author = {Bentin, Shlomo and Golland, Yulia},
  year = {2002},
  journal = {Cognition},
  volume = {86},
  number = {1},
  pages = {B1-B14},
  doi = {10.1016/S0010-0277(02)00124-5},
  langid = {english}
}

@article{bornkessel-schlesewsky2019,
  title = {Toward a Neurobiologically Plausible Model of Language-Related, Negative Event-Related Potentials},
  author = {{Bornkessel-Schlesewsky}, Ina and Schlesewsky, Matthias},
  year = {2019},
  journal = {Front Psychol},
  volume = {10},
  pages = {298},
  doi = {10.3389/fpsyg.2019.00298}
}

@article{brown2021,
  title = {An Introduction to Linear Mixed-Effects Modeling in {{R}}},
  author = {Brown, Violet A.},
  year = {2021},
  journal = {Adv Methods Pract Psychol Sci},
  volume = {4},
  number = {1},
  pages = {1--19},
  publisher = {{SAGE Publications Inc}},
  doi = {10.1177/2515245920960351},
  langid = {english}
}

@article{burki2018,
  title = {Accounting for Stimulus and Participant Effects in Event-Related Potential Analyses to Increase the Replicability of Studies},
  author = {B{\"u}rki, Audrey and Frossard, Jaromil and Renaud, Olivier},
  year = {2018},
  journal = {J Neurosci Methods},
  volume = {309},
  pages = {218--227},
  doi = {10.1016/j.jneumeth.2018.09.016},
  langid = {english}
}

@incollection{churchland1994,
  title = {A Critique of Pure Vision},
  booktitle = {Computational Neuroscience. {{Large-scale}} Neuronal Theories of the Brain},
  author = {Churchland, Patricia S. and Ramachandran, Vilayanur S. and Sejnowski, Terrence J.},
  editor = {Koch, C. and Davis, J. L.},
  year = {1994},
  pages = {23--60},
  publisher = {{MIT Press}},
  address = {{Cambridge, MA}},
  isbn = {978-0-262-11183-6}
}

@article{clark2013,
  title = {Whatever next? {{Predictive}} Brains, Situated Agents, and the Future of Cognitive Science},
  author = {Clark, Andy},
  year = {2013},
  journal = {Behav Brain Sci},
  volume = {36},
  number = {3},
  pages = {181--204},
  publisher = {{Cambridge University Press}},
  doi = {10.1017/S0140525X12000477},
  langid = {english}
}

@article{clarke2016,
  ids = {clarke2016a},
  title = {Learning Warps Object Representations in the Ventral Temporal Cortex},
  author = {Clarke, Alex and Pell, Philip J. and Ranganath, Charan and Tyler, Lorraine K.},
  year = {2016},
  journal = {J Cogn Neurosci},
  volume = {28},
  number = {7},
  pages = {1010--1023},
  doi = {10.1162/jocn_a_00951}
}

@article{clarke2021,
  ids = {clarke2020},
  title = {Cognitive Penetration and Informational Encapsulation: {{Have}} We Been Failing the Module?},
  author = {Clarke, Sam},
  year = {2021},
  journal = {Philos Stud},
  volume = {178},
  number = {8},
  pages = {2599--2620},
  doi = {10.1007/s11098-020-01565-1},
  langid = {english}
}

@article{dering2011,
  title = {Face-Sensitive Processes One Hundred Milliseconds after Picture Onset},
  author = {Dering, Benjamin and Martin, Clara and Moro, Sancho and Pegna, Alan and Thierry, Guillaume},
  year = {2011},
  journal = {Frontiers in Human Neuroscience},
  volume = {5},
  doi = {10.3389/fnhum.2011.00093}
}

@article{dicarlo2012,
  title = {How Does the Brain Solve Visual Object Recognition?},
  author = {DiCarlo, James J. and Zoccolan, Davide and Rust, Nicole C.},
  year = {2012},
  journal = {Neuron},
  volume = {73},
  number = {3},
  pages = {415--434},
  doi = {10.1016/j.neuron.2012.01.010},
  langid = {english}
}

@article{eimer2011,
  title = {The {{N170}} Component and Its Links to Configural Face Processing: {{A}} Rapid Neural Adaptation Study},
  author = {Eimer, Martin and Gosling, Angela and Nicholas, Susan and Kiss, Monika},
  year = {2011},
  journal = {Brain Res},
  volume = {1376},
  pages = {76--87},
  doi = {10.1016/j.brainres.2010.12.046},
  langid = {english}
}

@article{firestone2016,
  title = {Cognition Does Not Affect Perception: {{Evaluating}} the Evidence for ``Top-down'' Effects},
  author = {Firestone, Chaz and Scholl, Brian J.},
  year = {2016},
  journal = {Behav Brain Sci},
  volume = {39},
  pages = {e229},
  doi = {10.1017/S0140525X15000965},
  langid = {english}
}

@book{fodor1983,
  title = {The Modularity of Mind},
  author = {Fodor, Jerry A.},
  year = {1983},
  publisher = {{MIT Press}},
  address = {{Cambridge, MA}},
  isbn = {978-0-262-06084-4 978-0-262-56025-2},
  lccn = {BF311 .F5615 1983}
}

@article{friston2009,
  title = {Predictive Coding under the Free-Energy Principle},
  author = {Friston, Karl and Kiebel, Stefan},
  year = {2009},
  journal = {Philos Trans R Soc Lond B Biol Sci},
  volume = {364},
  number = {1521},
  pages = {1211--1221},
  publisher = {{Royal Society}},
  doi = {10.1098/rstb.2008.0300}
}

@article{fromer2018,
  title = {Group-Level {{EEG-processing}} Pipeline for Flexible Single Trial-Based Analyses Including Linear Mixed Models},
  author = {Fr{\"o}mer, Romy and Maier, Martin and Abdel Rahman, Rasha},
  year = {2018},
  journal = {Front Neurosci},
  volume = {12},
  pages = {48},
  publisher = {{Frontiers}},
  doi = {10.3389/fnins.2018.00048}
}

@article{ganis1996,
  title = {The Search for ``Common Sense'': {{An}} Electrophysiological Study of the Comprehension of Words and Pictures in Reading},
  author = {Ganis, Giorgio and Kutas, Marta and Sereno, Martin I.},
  year = {1996},
  journal = {J Cogn Neurosci},
  volume = {8},
  number = {2},
  pages = {89--106},
  publisher = {{MIT Press}},
  address = {{US}},
  doi = {10.1162/jocn.1996.8.2.89}
}

@article{gauthier2003,
  title = {The Influence of Conceptual Knowledge on Visual Discrimination},
  author = {Gauthier, Isabel and James, Thomas W. and Curby, Kim M. and Tarr, Michael J.},
  year = {2003},
  journal = {Cogn Neuropsychol},
  volume = {20},
  number = {3-6},
  pages = {507--523},
  publisher = {{Routledge}},
  doi = {10.1080/02643290244000275}
}

@article{gramfort2013,
  title = {{{MEG}} and {{EEG}} Data Analysis with {{MNE-Python}}},
  author = {Gramfort, Alexandre and Luessi, Martin and Larson, Eric and Engemann, Denis A. and Strohmeier, Daniel and Brodbeck, Christian and Goj, Roman and Jas, Mainak and Brooks, Teon and Parkkonen, Lauri and H{\"a}m{\"a}l{\"a}inen, Matti},
  year = {2013},
  journal = {Front Neurosci},
  volume = {7},
  pages = {267},
  publisher = {{Frontiers}},
  doi = {10.3389/fnins.2013.00267},
  langid = {english}
}

@article{grandchamp2011,
  title = {Single-Trial Normalization for Event-Related Spectral Decomposition Reduces Sensitivity to Noisy Trials},
  author = {Grandchamp, Romain and Delorme, Arnaud},
  year = {2011},
  journal = {Front Psychol},
  volume = {2},
  pages = {236},
  doi = {10.3389/fpsyg.2011.00236}
}

@article{griffiths2019,
  title = {Alpha/Beta Power Decreases Track the Fidelity of Stimulus-Specific Information},
  author = {Griffiths, Benjamin James and Mayhew, Stephen D and Mullinger, Karen J and Jorge, Jo{\~a}o and Charest, Ian and Wimber, Maria and Hanslmayr, Simon},
  year = {2019},
  journal = {Elife},
  volume = {8},
  pages = {e49562},
  publisher = {{eLife Sciences Publications, Ltd}},
  doi = {10.7554/eLife.49562},
  langid = {english}
}

@article{gunther2015,
  title = {{{LSAfun}} - {{An R}} Package for Computations Based on {{Latent Semantic Analysis}}},
  author = {G{\"u}nther, Fritz and Dudschig, Carolin and Kaup, Barbara},
  year = {2015},
  journal = {Behav Res},
  volume = {47},
  number = {4},
  pages = {930--944},
  doi = {10.3758/s13428-014-0529-0},
  langid = {english}
}

@article{gunther2019,
  title = {Vector-Space Models of Semantic Representation from a Cognitive Perspective: {{A}} Discussion of Common Misconceptions},
  author = {G{\"u}nther, Fritz and Rinaldi, Luca and Marelli, Marco},
  year = {2019},
  journal = {Perspect Psychol Sci},
  volume = {14},
  number = {6},
  pages = {1006--1033},
  doi = {10.1177/1745691619861372},
  langid = {english}
}

@article{hanslmayr2009,
  title = {Brain Oscillations Dissociate between Semantic and Nonsemantic Encoding of Episodic Memories},
  author = {Hanslmayr, Simon and Spitzer, Bernhard and B{\"a}uml, Karl-Heinz},
  year = {2009},
  journal = {Cereb Cortex},
  volume = {19},
  number = {7},
  pages = {1631--1640},
  doi = {10.1093/cercor/bhn197}
}

@article{hirschfeld2011,
  title = {Effects of Language Comprehension on Visual Processing \textendash{} {{MEG}} Dissociates Early Perceptual and Late {{N400}} Effects},
  author = {Hirschfeld, Gerrit and Zwitserlood, Pienie and Dobel, Christian},
  year = {2011},
  journal = {Brain Lang},
  volume = {116},
  number = {2},
  pages = {91--96},
  doi = {10.1016/j.bandl.2010.07.002},
  langid = {english}
}

@article{hsieh2010,
  title = {Recognition Alters the Spatial Pattern of {{fMRI}} Activation in Early Retinotopic Cortex},
  author = {Hsieh, P.-J. and Vul, E. and Kanwisher, N.},
  year = {2010},
  journal = {J Neurophysiol},
  volume = {103},
  number = {3},
  pages = {1501--1507},
  doi = {10.1152/jn.00812.2009},
  langid = {english}
}

@article{hyvarinen1999,
  title = {Fast and Robust Fixed-Point Algorithms for Independent Component Analysis},
  author = {Hyv{\"a}rinen, A.},
  year = {1999},
  journal = {IEEE Trans Neural Netw},
  volume = {10},
  number = {3},
  pages = {626--634},
  doi = {10.1109/72.761722}
}

@article{johannes1995,
  title = {Luminance and Spatial Attention Effects on Early Visual Processing},
  author = {Johannes, S. and M{\"u}nte, T. F. and Heinze, H. J. and Mangun, G. R.},
  year = {1995},
  journal = {Brain Res Cogn Brain Res},
  volume = {2},
  number = {3},
  pages = {189--205},
  doi = {10.1016/0926-6410(95)90008-X},
  langid = {english}
}

@article{kellenbach2000,
  title = {Visual Semantic Features Are Activated during the Processing of Concrete Words: Event-Related Potential Evidence for Perceptual Semantic Priming},
  author = {Kellenbach, Marion L and Wijers, Albertus A and Mulder, Gijsbertus},
  year = {2000},
  journal = {Cogn Brain Res},
  volume = {10},
  number = {1},
  pages = {67--75},
  doi = {10.1016/S0926-6410(00)00023-9},
  langid = {english}
}

@article{kilavik2013,
  ids = {kilavik2013a},
  title = {The Ups and Downs of Beta Oscillations in Sensorimotor Cortex},
  author = {Kilavik, Bj{\o}rg Elisabeth and Zaepffel, Manuel and Brovelli, Andrea and MacKay, William A. and Riehle, Alexa},
  year = {2013},
  journal = {Exp Neurol},
  series = {Special {{Issue}}: {{Neuronal}} Oscillations in Movement Disorders},
  volume = {245},
  pages = {15--26},
  doi = {10.1016/j.expneurol.2012.09.014},
  langid = {english}
}

@article{kovalenko2012,
  title = {A Pool of Pairs of Related Objects ({{POPORO}}) for Investigating Visual Semantic Integration: {{Behavioral}} and Electrophysiological Validation},
  author = {Kovalenko, Lyudmyla Y. and Chaumon, Maximilien and Busch, Niko A.},
  year = {2012},
  journal = {Brain Topogr},
  volume = {25},
  number = {3},
  pages = {272--284},
  doi = {10.1007/s10548-011-0216-8},
  langid = {english}
}

@article{krizhevsky2012,
  title = {{{ImageNet}} Classification with Deep Convolutional Neural Networks},
  author = {Krizhevsky, Alex and Sutskever, Ilya and Hinton, Geoffrey E.},
  year = {2012},
  journal = {Adv Neural Inf Process Syst},
  volume = {25},
  pages = {1097--1105},
  doi = {10.1145/3065386}
}

@article{kutas2011,
  title = {Thirty Years and Counting: {{Finding}} Meaning in the {{N400}} Component of the Event-Related Brain Potential ({{ERP}})},
  author = {Kutas, Marta and Federmeier, Kara D.},
  year = {2011},
  journal = {Annu Rev Psychol},
  volume = {62},
  number = {1},
  pages = {621--647},
  publisher = {{Annual Reviews}},
  doi = {10.1146/annurev.psych.093008.131123}
}

@article{lau2008,
  title = {A Cortical Network for Semantics: ({{De}})Constructing the {{N400}}},
  author = {Lau, Ellen F. and Phillips, Colin and Poeppel, David},
  year = {2008},
  journal = {Nat Rev Neurosci},
  volume = {9},
  number = {12},
  pages = {920--933},
  publisher = {{Nature Publishing Group}},
  doi = {10.1038/nrn2532},
  langid = {english}
}

@article{lindsay2021,
  ids = {lindsay2020},
  title = {Convolutional Neural Networks as a Model of the Visual System: {{Past}}, Present, and Future},
  author = {Lindsay, Grace W.},
  year = {2021},
  journal = {J Cogn Neurosci},
  volume = {33},
  number = {10},
  pages = {2017--2031},
  doi = {10.1162/jocn_a_01544}
}

@incollection{luck2014,
  title = {Overview of Common {{ERP}} Components},
  booktitle = {An {{Introduction}} to the {{Event-Related Potential Technique}}},
  author = {Luck, Steven J.},
  year = {2014},
  edition = {Second},
  pages = {71--118},
  publisher = {{MIT Press}},
  address = {{Cambridge, MA}},
  isbn = {978-0-262-52585-5},
  lccn = {QP376.5 .L83 2014}
}

@article{lupyan2015,
  ids = {lupyan2015a},
  title = {Cognitive Penetrability of Perception in the Age of Prediction: {{Predictive}} Systems Are Penetrable Systems},
  author = {Lupyan, Gary},
  year = {2015},
  journal = {Rev Philos Psychol},
  volume = {6},
  number = {4},
  pages = {547--569},
  doi = {10.1007/s13164-015-0253-4},
  langid = {english}
}

@article{lupyan2020,
  title = {Effects of Language on Visual Perception},
  author = {Lupyan, Gary and Abdel Rahman, Rasha and Boroditsky, Lera and Clark, Andy},
  year = {2020},
  journal = {Trends Cogn Sci},
  volume = {24},
  number = {11},
  pages = {930--944},
  doi = {10.1016/j.tics.2020.08.005},
  langid = {english}
}

@incollection{machery2015,
  title = {Cognitive Penetrability: {{A}} No-Progress Report},
  booktitle = {The {{Cognitive Penetrability}} of {{Perception}}: {{New Philosophical Perspectives}}},
  author = {Machery, Edouard},
  editor = {Zeimbekis, John and Raftopoulos, Athanassios},
  year = {2015},
  publisher = {{Oxford University Press}},
  address = {{Oxford, UK}},
  chapter = {The Cognitive Penetrability of Perception},
  isbn = {978-0-19-180210-2},
  langid = {american}
}

@article{maier2014,
  title = {Does the Semantic Content of Verbal Categories Influence Categorical Perception? {{An ERP}} Study},
  author = {Maier, Martin and Glage, Philipp and Hohlfeld, Annette and Abdel Rahman, Rasha},
  year = {2014},
  journal = {Brain Cogn},
  volume = {91},
  pages = {1--10},
  doi = {10.1016/j.bandc.2014.07.008},
  langid = {english}
}

@article{maier2018,
  ids = {maier2018a},
  title = {Native Language Promotes Access to Visual Consciousness},
  author = {Maier, Martin and Abdel Rahman, Rasha},
  year = {2018},
  journal = {Psychol Sci},
  volume = {29},
  number = {11},
  pages = {1757--1772},
  publisher = {{SAGE Publications Inc}},
  doi = {10.1177/0956797618782181},
  langid = {english}
}

@article{maier2019,
  title = {No Matter How: {{Top-down}} Effects of Verbal and Semantic Category Knowledge on Early Visual Perception},
  author = {Maier, Martin and Abdel Rahman, Rasha},
  year = {2019},
  journal = {Cogn Affect Behav Neurosci},
  volume = {19},
  number = {4},
  pages = {859--876},
  publisher = {{Springer US}},
  doi = {10.3758/s13415-018-00679-8},
  langid = {english}
}

@article{maier2022,
  title = {Knowledge-Augmented Face Perception: {{Prospects}} for the {{Bayesian}} Brain-Framework to Align {{AI}} and Human Vision},
  author = {Maier, Martin and Blume, Florian and Bideau, Pia and Hellwich, Olaf and Abdel Rahman, Rasha},
  year = {2022},
  journal = {Conscious Cogn},
  volume = {101},
  pages = {103301},
  doi = {10.1016/j.concog.2022.103301},
  langid = {english}
}

@article{maris2007,
  title = {Nonparametric Statistical Testing of {{EEG-}} and {{MEG-data}}},
  author = {Maris, Eric and Oostenveld, Robert},
  year = {2007},
  journal = {J Neurosci Methods},
  volume = {164},
  number = {1},
  pages = {177--190},
  doi = {10.1016/j.jneumeth.2007.03.024},
  langid = {english}
}

@book{marr1982,
  title = {Vision: {{A}} Computational Investigation into the Human Representation and Processing of Visual Information},
  author = {Marr, David},
  year = {1982},
  publisher = {{W.H. Freeman}},
  address = {{San Francisco, CA}},
  isbn = {978-0-7167-1284-8},
  lccn = {QP475 .M27 1982}
}

@article{matuschek2017,
  title = {Balancing {{Type I}} Error and Power in Linear Mixed Models},
  author = {Matuschek, Hannes and Kliegl, Reinhold and Vasishth, Shravan and Baayen, Harald and Bates, Douglas},
  year = {2017},
  journal = {J Mem Lang},
  volume = {94},
  pages = {305--315},
  doi = {10.1016/j.jml.2017.01.001},
  langid = {english}
}

@article{mitchell2020,
  title = {On Crashing the Barrier of Meaning in Artificial Intelligence},
  author = {Mitchell, Melanie},
  year = {2020},
  journal = {AIMag},
  volume = {41},
  number = {2},
  pages = {86--92},
  doi = {10.1609/aimag.v41i2.5259},
  langid = {english}
}

@article{oldfield1971,
  title = {The Assessment and Analysis of Handedness: {{The Edinburgh}} Inventory},
  author = {Oldfield, R. C.},
  year = {1971},
  journal = {Neuropsychologia},
  volume = {9},
  number = {1},
  pages = {97--113},
  doi = {10.1016/0028-3932(71)90067-4},
  langid = {english}
}

@incollection{palmeri2008,
  title = {Visual Object Perception and Long-Term Memory},
  booktitle = {Visual {{Memory}}},
  author = {Palmeri, Thomas J. and Tarr, Michael J.},
  editor = {Luck, Steven J. and Hollingworth, Andrew},
  year = {2008},
  pages = {163--208},
  publisher = {{Oxford University Press}},
  doi = {10.1093/acprof:oso/9780195305487.003.0006},
  isbn = {978-0-19-530548-7}
}

@article{panichello2013,
  title = {Predictive Feedback and Conscious Visual Experience},
  author = {Panichello, Matthew F. and Cheung, Olivia S. and Bar, Moshe},
  year = {2013},
  journal = {Front Psychol},
  volume = {3},
  pages = {620},
  publisher = {{Frontiers}},
  doi = {10.3389/fpsyg.2012.00620},
  langid = {english}
}

@article{peikert2021,
  title = {A Reproducible Data Analysis Workflow with {{R Markdown}}, Git, {{Make}}, and {{Docker}}},
  author = {Peikert, Aaron and Brandmaier, Andreas M.},
  year = {2021},
  journal = {QCMB},
  volume = {1},
  pages = {e3763},
  doi = {10.5964/qcmb.3763},
  langid = {english}
}

@article{phelps2016,
  title = {Emotion Facilitates Perception and Potentiates the Perceptual Benefits of Attention},
  author = {Phelps, Elizabeth A. and Ling, Sam and Carrasco, Marisa},
  year = {2016},
  journal = {Psychol Sci},
  volume = {17},
  number = {4},
  pages = {292--299},
  publisher = {{SAGE PublicationsSage CA: Los Angeles, CA}},
  langid = {english}
}

@incollection{pratt2011,
  title = {Sensory {{ERP}} Components},
  booktitle = {The {{Oxford}} Handbook of Event-Related Potential Components},
  author = {Pratt, Hillel},
  editor = {Kappenman, Emily S. and Luck, Steven J.},
  year = {2011},
  pages = {89--114},
  publisher = {{Oxford University Press}},
  address = {{Oxford, UK}},
  doi = {10.1093/oxfordhb/9780195374148.013.0050}
}

@article{pylyshyn1999,
  ids = {pylyshyn1999a},
  title = {Is Vision Continuous with Cognition? {{The}} Case for Cognitive Impenetrability of Visual Perception},
  author = {Pylyshyn, Zenon},
  year = {1999},
  journal = {Behav Brain Sci},
  volume = {22},
  number = {3},
  pages = {341--365},
  publisher = {{Cambridge University Press}},
  doi = {10.1017/S0140525X99002022},
  langid = {english}
}

@manual{R-base,
  type = {Manual},
  title = {R: {{A}} Language and Environment for Statistical Computing},
  author = {{R Core Team}},
  year = {2022},
  address = {{Vienna, Austria}},
  url = {https://www.R-project.org/},
  organization = {{R Foundation for Statistical Computing}}
}

@manual{R-buildmer,
  type = {Manual},
  title = {{{buildmer}}: {{Stepwise}} Elimination and Term Reordering for Mixed-Effects Regression},
  author = {Voeten, Cesko C.},
  year = {2022},
  url = {https://github.com/cvoeten/buildmer}
}

@manual{R-cowplot,
  type = {Manual},
  title = {{{cowplot}}: {{Streamlined}} Plot Theme and Plot Annotations for {{ggplot2}}},
  author = {Wilke, Claus O.},
  year = {2020},
  url = {https://wilkelab.org/cowplot/}
}

@manual{R-eegUtils,
  type = {Manual},
  title = {{{eegUtils}}: {{Utilities}} for Electroencephalographic ({{EEG}}) Analysis},
  author = {Craddock, Matt},
  year = {2022},
  url = {https://github.com/craddm/eegUtils}
}

@manual{R-emmeans,
  type = {Manual},
  title = {{{emmeans}}: {{Estimated}} Marginal Means, Aka Least-Squares Means},
  author = {Lenth, Russell V.},
  year = {2022},
  url = {https://github.com/rvlenth/emmeans}
}

@book{R-ggplot2,
  title = {{{ggplot2}}: {{Elegant}} Graphics for Data Analysis},
  author = {Wickham, Hadley},
  year = {2016},
  publisher = {{Springer}},
  address = {{New York, NY}},
  url = {https://ggplot2.tidyverse.org},
  isbn = {978-3-319-24277-4}
}

@article{R-lme4,
  title = {Fitting Linear Mixed-Effects Models Using {{lme4}}},
  author = {Bates, Douglas and M{\"a}chler, Martin and Bolker, Ben and Walker, Steve},
  year = {2015},
  journal = {J Stat Softw},
  volume = {67},
  number = {1},
  pages = {1--48},
  doi = {10.18637/jss.v067.i01}
}

@article{R-lmerTest,
  title = {{{lmerTest}} Package: {{Tests}} in Linear Mixed Effects Models},
  author = {Kuznetsova, Alexandra and Brockhoff, Per B. and Christensen, Rune H. B.},
  year = {2017},
  journal = {J Stat Softw},
  volume = {82},
  number = {13},
  pages = {1--26},
  doi = {10.18637/jss.v082.i13}
}

@manual{R-papaja,
  type = {Manual},
  title = {{{papaja}}: {{Prepare}} Reproducible {{APA}} Journal Articles with {{R Markdown}}},
  author = {Aust, Frederik and Barth, Marius},
  year = {2022},
  url = {https://github.com/crsh/papaja}
}

@article{R-tidyverse,
  title = {Welcome to the {{tidyverse}}},
  author = {Wickham, Hadley and Averick, Mara and Bryan, Jennifer and Chang, Winston and McGowan, Lucy D'Agostino and Fran{\c c}ois, Romain and Grolemund, Garrett and Hayes, Alex and Henry, Lionel and Hester, Jim and Kuhn, Max and Pedersen, Thomas Lin and Miller, Evan and Bache, Stephan Milton and M{\"u}ller, Kirill and Ooms, Jeroen and Robinson, David and Seidel, Dana Paige and Spinu, Vitalie and Takahashi, Kohske and Vaughan, Davis and Wilke, Claus and Woo, Kara and Yutani, Hiroaki},
  year = {2019},
  journal = {J Open Source Softw},
  volume = {4},
  number = {43},
  pages = {1686},
  doi = {10.21105/joss.01686}
}

@article{rabovsky2018,
  title = {Modelling the {{N400}} Brain Potential as Change in a Probabilistic Representation of Meaning},
  author = {Rabovsky, Milena and Hansen, Steven S. and McClelland, J.L.},
  year = {2018},
  journal = {Nat Hum Behav},
  volume = {2},
  number = {9},
  pages = {693--705},
  publisher = {{Nature Publishing Group}},
  doi = {10.1038/s41562-018-0406-4},
  langid = {english},
  annotation = {Bandiera\_abtest: a Cg\_type: Nature Research Journals Primary\_atype: Research Subject\_term: Human behaviour;Language Subject\_term\_id: human-behaviour;language}
}

@article{rao1999,
  ids = {rao1999a},
  title = {Predictive Coding in the Visual Cortex: {{A}} Functional Interpretation of Some Extra-Classical Receptive-Field Effects},
  author = {Rao, Rajesh P. N. and Ballard, Dana H.},
  year = {1999},
  journal = {Nat Neurosci},
  volume = {2},
  number = {1},
  pages = {79--87},
  publisher = {{Nature Publishing Group}},
  doi = {10.1038/4580},
  langid = {english}
}

@article{rossion2002,
  title = {Expertise Training with Novel Objects Leads to Left-Lateralized Facelike Electrophysiological Responses},
  author = {Rossion, B. and Gauthier, I. and Goffaux, V. and Tarr, M. J. and Crommelinck, M.},
  year = {2002},
  journal = {Psychol Sci},
  volume = {13},
  number = {3},
  pages = {250--257},
  publisher = {{SAGE PublicationsSage CA: Los Angeles, CA}},
  langid = {english}
}

@article{rossion2008,
  title = {Does Physical Interstimulus Variance Account for Early Electrophysiological Face Sensitive Responses in the Human Brain? {{Ten}} Lessons on the {{N170}}},
  author = {Rossion, Bruno and Jacques, Corentin},
  year = {2008},
  journal = {NeuroImage},
  volume = {39},
  number = {4},
  pages = {1959--1979},
  doi = {10.1016/j.neuroimage.2007.10.011},
  langid = {english}
}

@article{sagiv2001,
  title = {Structural Encoding of Human and Schematic Faces: {{Holistic}} and Part-Based Processes},
  author = {Sagiv, Noam and Bentin, Shlomo},
  year = {2001},
  journal = {J Cogn Neurosci},
  volume = {13},
  number = {7},
  pages = {937--951},
  publisher = {{MIT Press}},
  doi = {10.1162/089892901753165854}
}

@article{samaha2018,
  title = {Effects of Meaningfulness on Perception: {{Alpha-band}} Oscillations Carry Perceptual Expectations and Influence Early Visual Responses},
  author = {Samaha, Jason and Boutonnet, Bastien and Postle, Bradley R. and Lupyan, Gary},
  year = {2018},
  journal = {Sci Rep},
  volume = {8},
  number = {1},
  pages = {6606},
  publisher = {{Nature Publishing Group}},
  doi = {10.1038/s41598-018-25093-5},
  langid = {english}
}

@article{sassenhagen2019,
  title = {Cluster-Based Permutation Tests of {{MEG}}/{{EEG}} Data Do Not Establish Significance of Effect Latency or Location},
  author = {Sassenhagen, Jona and Draschkow, Dejan},
  year = {2019},
  journal = {Psychophysiology},
  volume = {56},
  number = {6},
  pages = {e13335},
  doi = {10.1111/psyp.13335},
  langid = {english}
}

@article{schad2020,
  title = {How to Capitalize on a Priori Contrasts in Linear (Mixed) Models: {{A}} Tutorial},
  author = {Schad, Daniel J. and Vasishth, Shravan and Hohenstein, Sven and Kliegl, Reinhold},
  year = {2020},
  journal = {J Mem Lang},
  volume = {110},
  pages = {104038},
  doi = {10.1016/j.jml.2019.104038},
  langid = {english}
}

@article{serre2007,
  title = {A Feedforward Architecture Accounts for Rapid Categorization},
  author = {Serre, Thomas and Oliva, Aude and Poggio, Tomaso},
  year = {2007},
  journal = {Proc Natl Acad Sci USA},
  volume = {104},
  number = {15},
  pages = {6424--6429},
  publisher = {{National Academy of Sciences}},
  doi = {10.1073/pnas.0700622104},
  chapter = {Biological Sciences},
  langid = {english}
}

@article{slivac2021,
  title = {Linguistic Labels Cue Biological Motion Perception and Misperception},
  author = {Slivac, Ksenija and {Hervais-Adelman}, Alexis and Hagoort, Peter and Flecken, Monique},
  year = {2021},
  journal = {Sci Rep},
  volume = {11},
  number = {1},
  pages = {17239},
  publisher = {{Nature Publishing Group}},
  doi = {10.1038/s41598-021-96649-1},
  langid = {english}
}

@article{supp2005,
  title = {Semantic Memory Retrieval: Cortical Couplings in Object Recognition in the {{N400}} Window},
  author = {Supp, Gernot G. and Schl{\"o}gl, Alois and Fiebach, Christian J. and Gunter, Thomas C. and Vigliocco, Gabriella and Pfurtscheller, Gert and Petsche, Hellmuth},
  year = {2005},
  journal = {Eur J Neurosci},
  volume = {21},
  number = {4},
  pages = {1139--1143},
  doi = {10.1111/j.1460-9568.2005.03906.x},
  langid = {english}
}

@article{tanaka2001,
  title = {A Neural Basis for Expert Object Recognition},
  author = {Tanaka, James W. and Curran, Tim},
  year = {2001},
  journal = {Psychol Sci},
  volume = {12},
  number = {1},
  pages = {43--47},
  publisher = {{SAGE Publications Inc}},
  doi = {10.1111/1467-9280.00308},
  langid = {english}
}

@article{teufel2017,
  title = {How to (and How Not to) Think about Top-down Influences on Visual Perception},
  author = {Teufel, Christoph and Nanay, Bence},
  year = {2017},
  journal = {Conscious Cogn},
  series = {Cognitive {{Penetration}} and {{Predictive Coding}}},
  volume = {47},
  pages = {17--25},
  doi = {10.1016/j.concog.2016.05.008},
  langid = {english}
}

@article{teufel2018,
  title = {Prior Object-Knowledge Sharpens Properties of Early Visual Feature-Detectors},
  author = {Teufel, Christoph and Dakin, Steven C. and Fletcher, Paul C.},
  year = {2018},
  journal = {Sci Rep},
  volume = {8},
  number = {1},
  pages = {10853},
  publisher = {{Nature Publishing Group}},
  doi = {10.1038/s41598-018-28845-5},
  langid = {english}
}

@article{thierry2007,
  title = {Is the {{N170}} Sensitive to the Human Face or to Several Intertwined Perceptual and Conceptual Factors?},
  author = {Thierry, Guillaume and Martin, Clara D. and Downing, Paul E. and Pegna, Alan J.},
  year = {2007},
  journal = {Nat Neurosci},
  volume = {10},
  number = {7},
  pages = {802--803},
  publisher = {{Nature Publishing Group}},
  doi = {10.1038/nn0707-802},
  langid = {english}
}

@article{thierry2007a,
  title = {Controlling for Interstimulus Perceptual Variance Abolishes {{N170}} Face Selectivity},
  author = {Thierry, Guillaume and Martin, Clara D. and Downing, Paul E. and Pegna, Alan J.},
  year = {2007},
  journal = {Nat Neurosci},
  volume = {10},
  number = {4},
  pages = {505--511},
  publisher = {{Nature Publishing Group}},
  doi = {10.1038/nn1864},
  langid = {english}
}

@article{thierry2016,
  title = {Neurolinguistic Relativity: {{How}} Language Flexes Human Perception and Cognition},
  author = {Thierry, Guillaume},
  year = {2016},
  journal = {Lang Learn},
  volume = {66},
  number = {3},
  pages = {690--713},
  doi = {10.1111/lang.12186},
  langid = {english}
}

@book{vanrossum2009,
  title = {Python 3 Reference Manual},
  author = {Van Rossum, Guido and Drake, Fred L.},
  year = {2009},
  publisher = {{CreateSpace}},
  address = {{Scotts Valley, CA}},
  isbn = {1-4414-1269-7}
}

@article{weller2019,
  title = {Semantic Knowledge Enhances Conscious Awareness of Visual Objects},
  author = {Weller, Peter D. and Rabovsky, Milena and Abdel Rahman, Rasha},
  year = {2019},
  journal = {J Cogn Neurosci},
  volume = {31},
  number = {8},
  pages = {1216--1226},
  doi = {10.1162/jocn_a_01404},
  langid = {english}
}

@article{wyatte2014,
  title = {Early Recurrent Feedback Facilitates Visual Object Recognition under Challenging Conditions},
  author = {Wyatte, Dean and Jilk, David J. and O'Reilly, Randall C.},
  year = {2014},
  journal = {Front Psychol},
  volume = {5},
  pages = {674},
  publisher = {{Frontiers}},
  doi = {10.3389/fpsyg.2014.00674},
  langid = {english}
}

@article{xu2007,
  title = {Word Learning as {{Bayesian}} Inference},
  author = {Xu, Fei and Tenenbaum, Joshua B.},
  year = {2007},
  journal = {Psychol Rev},
  volume = {114},
  number = {2},
  pages = {245--272},
  publisher = {{American Psychological Association}},
  doi = {10.1037/0033-295X.114.2.245}
}

@article{yuille2006,
  title = {Vision as {{Bayesian}} Inference: {{Analysis}} by Synthesis?},
  author = {Yuille, Alan and Kersten, Daniel},
  year = {2006},
  journal = {Trends Cogn Sci},
  series = {Special Issue: {{Probabilistic}} Models of Cognition},
  volume = {10},
  number = {7},
  pages = {301--308},
  doi = {10.1016/j.tics.2006.05.002},
  langid = {english}
}
