@article{abdelrahman2008,
  title = {Seeing What We Know and Understand: How Knowledge Shapes Perception},
  author = {Abdel Rahman, Rasha and Sommer, Werner},
  year = {2008},
  journal = {Psychonomic Bulletin \& Review},
  volume = {15},
  number = {6},
  pages = {1055--1063},
  doi = {10.3758/PBR.15.6.1055},
  langid = {english}
}

@article{abdelrahman2011,
  title = {Facing Good and Evil: {{Early}} Brain Signatures of Affective Biographical Knowledge in Face Recognition},
  author = {Abdel Rahman, Rasha},
  year = {2011},
  journal = {Emotion},
  volume = {11},
  number = {6},
  pages = {1397--1405},
  publisher = {{American Psychological Association}},
  address = {{US}},
  doi = {10.1037/a0024717}
}

@article{ahissar2004,
  title = {The Reverse Hierarchy Theory of Visual Perceptual Learning},
  author = {Ahissar, Merav and Hochstein, Shaul},
  year = {2004},
  journal = {Trends in Cognitive Sciences},
  volume = {8},
  number = {10},
  pages = {457--464},
  doi = {10.1016/j.tics.2004.08.011},
  langid = {english}
}

@article{americanelectroencephalographicsociety1991,
  title = {American {{Electroencephalographic Society}} Guidelines for Standard Electrode Position Nomenclature},
  author = {{American Electroencephalographic Society}},
  year = {1991},
  journal = {Journal of Clinical Neurophysiology},
  volume = {8},
  number = {2},
  pages = {200--202},
  langid = {english}
}

@article{anton2019,
  title = {Similar Conceptual Mapping of Novel Objects in Mixed- and Single-Language Contexts in Fluent {{Basque-Spanish}} Bilinguals},
  author = {Anton, Eneko and Thierry, Guillaume and Dimitropoulou, Maria and Du{\~n}abeitia, Jon Andoni},
  year = {2019},
  journal = {Language Learning},
  publisher = {{Wiley}},
  langid = {english}
}

@article{ayzenberg2022,
  title = {Does the Brain's Ventral Visual Pathway Compute Object Shape?},
  author = {Ayzenberg, Vladislav and Behrmann, Marlene},
  year = {2022},
  journal = {Trends in Cognitive Sciences},
  doi = {10.1016/j.tics.2022.09.019},
  langid = {english}
}

@article{baayen2008,
  title = {Mixed-Effects Modeling with Crossed Random Effects for Subjects and Items},
  author = {Baayen, R. H. and Davidson, D. J. and Bates, D. M.},
  year = {2008},
  journal = {Journal of Memory and Language},
  series = {Special {{Issue}}: {{Emerging Data Analysis}}},
  volume = {59},
  number = {4},
  pages = {390--412},
  doi = {10.1016/j.jml.2007.12.005},
  langid = {english}
}

@article{baker2020,
  title = {Power Contours: {{Optimising}} Sample Size and Precision in Experimental Psychology and Human Neuroscience},
  author = {Baker, Daniel H. and Vilidaite, Greta and Lygo, Freya A. and Smith, Anika K. and Flack, Tessa R. and Gouws, Andr{\'e} D. and Andrews, Timothy J.},
  year = {2020},
  journal = {Psychological Methods},
  doi = {10.1037/met0000337},
  langid = {english}
}

@article{balcetis2010,
  title = {Wishful Seeing: {{More}} Desired Objects Are Seen as Closer},
  author = {Balcetis, Emily and Dunning, David},
  year = {2010},
  journal = {Psychological Science},
  volume = {21},
  number = {1},
  pages = {147--152},
  publisher = {{SAGE Publications Inc}},
  doi = {10.1177/0956797609356283},
  langid = {english}
}

@article{barr2013,
  title = {Random Effects Structure for Confirmatory Hypothesis Testing: {{Keep}} It Maximal},
  author = {Barr, Dale J. and Levy, Roger and Scheepers, Christoph and Tily, Harry J.},
  year = {2013},
  journal = {Journal of Memory and Language},
  volume = {68},
  number = {3},
  pages = {255--278},
  doi = {10.1016/j.jml.2012.11.001},
  langid = {english}
}

@article{barrett1990,
  title = {Event-Related Potentials and the Semantic Matching of Pictures},
  author = {Barrett, Sarah E and Rugg, Michael D},
  year = {1990},
  journal = {Brain and Cognition},
  volume = {14},
  number = {2},
  pages = {201--212},
  doi = {10.1016/0278-2626(90)90029-N},
  langid = {english}
}

@article{bates2018,
  title = {Parsimonious Mixed Models},
  author = {Bates, Douglas and Kliegl, Reinhold and Vasishth, Shravan and Baayen, Harald},
  year = {2018},
  journal = {arXiv:1506.04967 [stat]},
  eprint = {1506.04967},
  eprinttype = {arxiv},
  primaryclass = {stat},
  archiveprefix = {arXiv}
}

@article{baumgartner2018,
  title = {Does Spatial Attention Modulate the Earliest Component of the Visual Evoked Potential?},
  author = {Baumgartner, Hannah M. and Graulty, Christian J. and Hillyard, Steven A. and Pitts, Michael A.},
  year = {2018},
  journal = {Cognitive Neuroscience},
  volume = {9},
  number = {1-2},
  pages = {4--19},
  publisher = {{Routledge}},
  doi = {10.1080/17588928.2017.1333490},
  annotation = {\_eprint: https://doi.org/10.1080/17588928.2017.1333490}
}

@article{beaucousin2011,
  title = {{{ERP}} Evidence of a Meaningfulness Impact on Visual Global/Local Processing: {{When}} Meaning Captures Attention},
  author = {Beaucousin, Virginie and Cassotti, Mathieu and Simon, Gr{\'e}gory and Pineau, Arlette and Kostova, Milena and Houd{\'e}, Olivier and Poirel, Nicolas},
  year = {2011},
  journal = {Neuropsychologia},
  volume = {49},
  number = {5},
  pages = {1258--1266},
  doi = {10.1016/j.neuropsychologia.2011.01.039},
  langid = {english}
}

@article{beeck2006,
  title = {Discrimination Training Alters Object Representations in Human Extrastriate Cortex},
  author = {de Beeck, Hans P. Op and Baker, Chris I. and DiCarlo, James J. and Kanwisher, Nancy G.},
  year = {2006},
  journal = {Journal of Neuroscience},
  volume = {26},
  number = {50},
  pages = {13025--13036},
  publisher = {{Society for Neuroscience}},
  doi = {10.1523/JNEUROSCI.2481-06.2006},
  chapter = {Articles},
  langid = {english}
}

@article{bentin1996,
  title = {Electrophysiological Studies of Face Perception in Humans},
  author = {Bentin, Shlomo and Allison, Truett and Puce, Aina and Perez, Erik and McCarthy, Gregory},
  year = {1996},
  journal = {Journal of Cognitive Neuroscience},
  volume = {8},
  number = {6},
  pages = {551--565},
  doi = {10.1162/jocn.1996.8.6.551}
}

@article{bentin2002,
  title = {Meaningful Processing of Meaningless Stimuli: {{The}} Influence of Perceptual Experience on Early Visual Processing of Faces},
  author = {Bentin, Shlomo and Golland, Yulia},
  year = {2002},
  journal = {Cognition},
  volume = {86},
  number = {1},
  pages = {B1-B14},
  doi = {10.1016/S0010-0277(02)00124-5},
  langid = {english}
}

@article{bocanegra2009,
  title = {Emotion Improves and Impairs Early Vision},
  author = {Bocanegra, Bruno R. and Zeelenberg, Ren{\'e}},
  year = {2009},
  journal = {Psychological Science},
  volume = {20},
  number = {6},
  pages = {707--713},
  publisher = {{Wiley-Blackwell Publishing Ltd.}},
  address = {{United Kingdom}},
  doi = {10.1111/j.1467-9280.2009.02354.x}
}

@article{boehm2011,
  title = {Category-Sensitivity in the {{N170}} Range: {{A}} Question of Topography and Inversion, Not One of Amplitude},
  author = {Boehm, Stephan G. and Dering, Benjamin and Thierry, Guillaume},
  year = {2011},
  journal = {Neuropsychologia},
  volume = {49},
  number = {7},
  pages = {2082--2089},
  doi = {10.1016/j.neuropsychologia.2011.03.039},
  langid = {english}
}

@article{bornkessel-schlesewsky2019,
  title = {Toward a Neurobiologically Plausible Model of Language-Related, Negative Event-Related Potentials},
  author = {{Bornkessel-Schlesewsky}, Ina and Schlesewsky, Matthias},
  year = {2019},
  journal = {Frontiers in Psychology},
  volume = {10},
  doi = {10.3389/fpsyg.2019.00298}
}

@article{boutonnet2015,
  title = {Words Jump-Start Vision: {{A}} Label Advantage in Object Recognition},
  author = {Boutonnet, Bastien and Lupyan, Gary},
  year = {2015},
  journal = {Journal of Neuroscience},
  volume = {35},
  number = {25},
  pages = {9329--9335},
  publisher = {{Society for Neuroscience}},
  doi = {10.1523/JNEUROSCI.5111-14.2015},
  chapter = {Articles},
  langid = {english}
}

@misc{bowers2022,
  title = {Deep Problems with Neural Network Models of Human Vision},
  author = {Bowers, Jeffrey S. and Malhotra, Gaurav and Dujmovi{\'c}, Marin and Montero, Milton Llera and Tsvetkov, Christian and Biscione, Valerio and Puebla, Guillermo and Adolfi, Federico G. and Hummel, John and Heaton, Rachel Flood and Evans, Benjamin and Mitchell, Jeff and Blything, Ryan},
  year = {2022},
  institution = {{PsyArXiv}},
  doi = {10.31234/osf.io/5zf4s},
  langid = {american}
}

@article{buffalo2010,
  ids = {buffalo2010a},
  title = {A Backward Progression of Attentional Effects in the Ventral Stream},
  author = {Buffalo, Elizabeth A. and Fries, Pascal and Landman, Rogier and Liang, Hualou and Desimone, Robert},
  year = {2010},
  journal = {Proceedings of the National Academy of Sciences},
  volume = {107},
  number = {1},
  pages = {361--365},
  publisher = {{National Academy of Sciences}},
  doi = {10.1073/pnas.0907658106},
  chapter = {Biological Sciences},
  langid = {english}
}

@article{bullier2001,
  title = {Integrated Model of Visual Processing},
  author = {Bullier, Jean},
  year = {2001},
  journal = {Brain Research Reviews},
  series = {The {{Brain}} in {{Health}} and {{Disease}} - from {{Molecules}} to {{Man}}. {{Swiss National Foundation Symposium NRP}} 38},
  volume = {36},
  number = {2},
  pages = {96--107},
  doi = {10.1016/S0165-0173(01)00085-6},
  langid = {english}
}

@article{bullier2001a,
  title = {Feedback Connections and Conscious Vision},
  author = {Bullier, Jean},
  year = {2001},
  journal = {Trends in Cognitive Sciences},
  volume = {5},
  number = {9},
  pages = {369--370},
  doi = {10.1016/S1364-6613(00)01730-7},
  langid = {english}
}

@article{burki2018,
  title = {Accounting for Stimulus and Participant Effects in Event-Related Potential Analyses to Increase the Replicability of Studies},
  author = {B{\"u}rki, Audrey and Frossard, Jaromil and Renaud, Olivier},
  year = {2018},
  journal = {Journal of Neuroscience Methods},
  volume = {309},
  pages = {218--227},
  doi = {10.1016/j.jneumeth.2018.09.016},
  langid = {english}
}

@article{busch2006,
  title = {A Cross-Laboratory Study of Event-Related Gamma Activity in a Standard Object Recognition Paradigm},
  author = {Busch, Niko A. and Herrmann, Christoph S. and M{\"u}ller, Matthias M. and Lenz, Daniel and Gruber, Thomas},
  year = {2006},
  journal = {NeuroImage},
  volume = {33},
  number = {4},
  pages = {1169--1177},
  doi = {10/c6gj4x},
  langid = {english}
}

@article{calignano2021,
  title = {The Unique Role of Novel Linguistic Labels on the Disengagement of Visual Attention},
  author = {Calignano, Giulia and Valenza, Eloisa and Vespignani, Francesco and Russo, Sofia and Sulpizio, Simone},
  year = {2021},
  journal = {Quarterly Journal of Experimental Psychology},
  volume = {74},
  number = {10},
  pages = {1755--1772},
  publisher = {{SAGE Publications}},
  doi = {10.1177/17470218211014147},
  langid = {english}
}

@article{churchland1988,
  title = {Perceptual Plasticity and Theoretical Neutrality: {{A}} Reply to {{Jerry Fodor}}},
  author = {Churchland, Paul M.},
  year = {1988},
  journal = {Philosophy of Science},
  volume = {55},
  number = {2},
  pages = {167--187},
  publisher = {{The University of Chicago Press}},
  doi = {10.1086/289425}
}

@incollection{churchland1994,
  title = {A Critique of Pure Vision},
  booktitle = {Computational Neuroscience. {{Large-scale}} Neuronal Theories of the Brain},
  author = {Churchland, Patricia S. and Ramachandran, Vilayanur S. and Sejnowski, Terrence J.},
  editor = {Koch, C. and Davis, J. L.},
  year = {1994},
  pages = {23--60},
  publisher = {{MIT Press}},
  address = {{Cambridge, MA, US}},
  isbn = {978-0-262-11183-6}
}

@article{clark2013,
  title = {Whatever next? {{Predictive}} Brains, Situated Agents, and the Future of Cognitive Science},
  author = {Clark, Andy},
  year = {2013},
  journal = {Behavioral and Brain Sciences},
  volume = {36},
  number = {3},
  pages = {181--204},
  publisher = {{Cambridge University Press}},
  doi = {10.1017/S0140525X12000477},
  langid = {english}
}

@article{clarke2016,
  ids = {clarke2016a},
  title = {Learning {{Warps Object Representations}} in the {{Ventral Temporal Cortex}}},
  author = {Clarke, Alex and Pell, Philip J. and Ranganath, Charan and Tyler, Lorraine K.},
  year = {2016},
  journal = {Journal of Cognitive Neuroscience},
  volume = {28},
  number = {7},
  pages = {1010--1023},
  doi = {10.1162/jocn_a_00951}
}

@article{clarke2020,
  title = {Cognitive Penetration and Informational Encapsulation: {{Have}} We Been Failing the Module?},
  author = {Clarke, Sam},
  year = {2020},
  journal = {Philosophical Studies},
  doi = {10.1007/s11098-020-01565-1},
  langid = {english}
}

@article{cole2012,
  title = {Affective Signals of Threat Increase Perceived Proximity},
  author = {Cole, Shana and Balcetis, Emily and Dunning, David},
  year = {2012},
  journal = {Psychological Science},
  publisher = {{SAGE PublicationsSage CA: Los Angeles, CA}},
  doi = {10.1177/0956797612446953},
  langid = {english}
}

@article{collins2013,
  ids = {collins2013a},
  title = {Conceptual Knowledge Attenuates Viewpoint Dependency in Visual Object Recognition},
  author = {Collins, Jessica A. and Curby, Kim M.},
  year = {2013},
  journal = {Visual Cognition},
  volume = {21},
  number = {8},
  pages = {945--960},
  publisher = {{Routledge}},
  doi = {10.1080/13506285.2013.836138},
  annotation = {\_eprint: https://doi.org/10.1080/13506285.2013.836138}
}

@article{collins2014,
  ids = {collins2014a},
  title = {Knowledge Is Power: {{How}} Conceptual Knowledge Transforms Visual Cognition},
  author = {Collins, Jessica A. and Olson, Ingrid R.},
  year = {2014},
  journal = {Psychonomic Bulletin \& Review},
  volume = {21},
  number = {4},
  pages = {843--860},
  doi = {10.3758/s13423-013-0564-3},
  langid = {english}
}

@article{cosper2022,
  title = {Mechanisms of Associative Word Learning: {{Benefits}} from the Visual Modality and Synchrony of Labeled Objects},
  author = {Cosper, Samuel H. and M{\"a}nnel, Claudia and Mueller, Jutta L.},
  year = {2022},
  journal = {Cortex},
  volume = {152},
  pages = {36--52},
  doi = {10.1016/j.cortex.2022.03.020},
  langid = {english}
}

@article{curby2009,
  title = {The Temporal Advantage for Individuating Objects of Expertise: {{Perceptual}} Expertise Is an Early Riser},
  author = {Curby, Kim M. and Gauthier, Isabel},
  year = {2009},
  journal = {Journal of Vision},
  volume = {9},
  number = {6},
  pages = {7--7},
  publisher = {{The Association for Research in Vision and Ophthalmology}},
  doi = {10.1167/9.6.7},
  langid = {english}
}

@article{curran2002,
  title = {An Electrophysiological Comparison of Visual Categorization and Recognition Memory},
  author = {Curran, Tim and Tanaka, James W. and Weiskopf, Daniel M.},
  year = {2002},
  journal = {Cognitive, Affective, \& Behavioral Neuroscience},
  volume = {2},
  number = {1},
  pages = {1--18},
  doi = {10.3758/CABN.2.1.1},
  langid = {english}
}

@article{dering2009,
  title = {Is the {{N170}} Peak of Visual Event-Related Brain Potentials Car-Selective?},
  author = {Dering, Benjamin and Martin, Clara D. and Thierry, Guillaume},
  year = {2009},
  journal = {NeuroReport},
  volume = {20},
  number = {10},
  pages = {902--906},
  doi = {10.1097/WNR.0b013e328327201d},
  langid = {american}
}

@article{dicarlo2012,
  title = {How Does the Brain Solve Visual Object Recognition?},
  author = {DiCarlo, James J. and Zoccolan, Davide and Rust, Nicole C.},
  year = {2012},
  journal = {Neuron},
  volume = {73},
  number = {3},
  pages = {415--434},
  doi = {10.1016/j.neuron.2012.01.010},
  langid = {english}
}

@article{dirusso2001,
  title = {Cortical Sources of the Early Components of the Visual Evoked Potential},
  author = {Di Russo, Francesco and Mart{\'i}nez, Ant{\'i}gona and Sereno, Martin I. and Pitzalis, Sabrina and Hillyard, Steven A.},
  year = {2001},
  journal = {Human Brain Mapping},
  volume = {15},
  number = {2},
  pages = {95--111},
  doi = {10.1002/hbm.10010},
  langid = {english},
  annotation = {\_eprint: https://onlinelibrary.wiley.com/doi/pdf/10.1002/hbm.10010}
}

@article{dirusso2003,
  title = {Source Analysis of Event-Related Cortical Activity during Visuo-Spatial Attention},
  author = {Di Russo, Francesco and Mart{\'i}nez, Antigona and Hillyard, Steven A.},
  year = {2003},
  journal = {Cerebral Cortex},
  volume = {13},
  number = {5},
  pages = {486--499},
  publisher = {{Oxford Academic}},
  doi = {10.1093/cercor/13.5.486},
  langid = {english}
}

@article{dolan1997,
  title = {How the Brain Learns to See Objects and Faces in an Impoverished Context},
  author = {Dolan, R. J. and Fink, G. R. and Rolls, E. and Booth, M. and Holmes, A. and Frackowiak, R. S. J. and Friston, K. J.},
  year = {1997},
  journal = {Nature},
  volume = {389},
  number = {6651},
  pages = {596--599},
  publisher = {{Nature Publishing Group}},
  doi = {10.1038/39309},
  langid = {english}
}

@article{eimer2011,
  title = {The {{N170}} Component and Its Links to Configural Face Processing: {{A}} Rapid Neural Adaptation Study},
  author = {Eimer, Martin and Gosling, Angela and Nicholas, Susan and Kiss, Monika},
  year = {2011},
  journal = {Brain Research},
  volume = {1376},
  pages = {76--87},
  doi = {10.1016/j.brainres.2010.12.046},
  langid = {english}
}

@article{eiserbeck2020,
  title = {Visual Consciousness of Faces in the Attentional Blink: {{Knowledge-based}} Effects of Trustworthiness Dominate over Appearance-Based Impressions},
  author = {Eiserbeck, Anna and Abdel Rahman, Rasha},
  year = {2020},
  journal = {Consciousness and Cognition},
  volume = {83},
  pages = {102977},
  doi = {10.1016/j.concog.2020.102977},
  langid = {english}
}

@article{ekman2020,
  title = {Object Selection by Automatic Spreading of Top-down Attentional Signals in {{V1}}},
  author = {Ekman, Matthias and Roelfsema, Pieter R. and de Lange, Floris P.},
  year = {2020},
  journal = {Journal of Neuroscience},
  volume = {40},
  number = {48},
  pages = {9250--9259},
  publisher = {{Society for Neuroscience}},
  doi = {10.1523/JNEUROSCI.0438-20.2020},
  chapter = {Research Articles},
  langid = {english}
}

@article{firestone2016,
  title = {Cognition Does Not Affect Perception: {{Evaluating}} the Evidence for ``Top-down'' Effects},
  author = {Firestone, Chaz and Scholl, Brian J.},
  year = {2016},
  journal = {Behavioral and Brain Sciences},
  volume = {39},
  doi = {10.1017/S0140525X15000965},
  langid = {english}
}

@book{fodor1983,
  title = {The Modularity of Mind},
  author = {Fodor, Jerry A.},
  year = {1983},
  publisher = {{MIT Press}},
  address = {{Cambridge, Mass}},
  isbn = {978-0-262-06084-4 978-0-262-56025-2},
  lccn = {BF311 .F5615 1983}
}

@article{fodor1984,
  title = {Observation Reconsidered},
  author = {Fodor, Jerry},
  year = {1984},
  journal = {Philosophy of Science},
  volume = {51},
  number = {1},
  pages = {23--43},
  publisher = {{The University of Chicago Press}},
  doi = {10.1086/289162}
}

@article{foxe2002,
  title = {Flow of Activation from {{V1}} to Frontal Cortex in Humans},
  author = {Foxe, John J. and Simpson, Gregory V.},
  year = {2002},
  journal = {Experimental Brain Research},
  volume = {142},
  number = {1},
  pages = {139--150},
  doi = {10.1007/s00221-001-0906-7},
  langid = {english}
}

@article{friston2010,
  title = {The Free-Energy Principle: {{A}} Unified Brain Theory?},
  author = {Friston, Karl},
  year = {2010},
  journal = {Nature Reviews Neuroscience},
  volume = {11},
  number = {2},
  pages = {127--138},
  publisher = {{Nature Publishing Group}},
  doi = {10.1038/nrn2787},
  langid = {english}
}

@article{frober2017,
  title = {The Role of Affective Evaluation in Conflict Adaptation: {{An LRP}} Study},
  author = {Fr{\"o}ber, Kerstin and St{\"u}rmer, Birgit and Fr{\"o}mer, Romy and Dreisbach, Gesine},
  year = {2017},
  journal = {Brain and Cognition},
  volume = {116},
  pages = {9--16},
  doi = {10.1016/j.bandc.2017.05.003},
  langid = {english}
}

@article{fromer2018,
  title = {Group-Level {{EEG-processing}} Pipeline for Flexible Single Trial-Based Analyses Including Linear Mixed Models},
  author = {Fr{\"o}mer, Romy and Maier, Martin and Abdel Rahman, Rasha},
  year = {2018},
  journal = {Frontiers in Neuroscience},
  volume = {12},
  pages = {48},
  publisher = {{Frontiers}},
  doi = {10.3389/fnins.2018.00048}
}

@article{ganis1996,
  title = {The Search for "Common Sense": {{An}} Electrophysiological Study of the Comprehension of Words and Pictures in Reading},
  author = {Ganis, Giorgio and Kutas, Marta and Sereno, Martin I.},
  year = {1996},
  journal = {Journal of Cognitive Neuroscience},
  volume = {8},
  number = {2},
  pages = {89--106},
  publisher = {{MIT Press}},
  address = {{US}},
  doi = {10.1162/jocn.1996.8.2.89}
}

@article{gauthier2003,
  title = {The Influence of Conceptual Knowledge on Visual Discrimination},
  author = {Gauthier, Isabel and James, Thomas W. and Curby, Kim M. and Tarr, Michael J.},
  year = {2003},
  journal = {Cognitive Neuropsychology},
  volume = {20},
  number = {3-6},
  pages = {507--523},
  publisher = {{Routledge}},
  doi = {10.1080/02643290244000275},
  annotation = {\_eprint: https://doi.org/10.1080/02643290244000275}
}

@article{gauthier2003a,
  title = {Perceptual Interference Supports a Non-Modular Account of Face Processing},
  author = {Gauthier, Isabel and Curran, Tim and Curby, Kim M. and Collins, Daniel},
  year = {2003},
  journal = {Nature Neuroscience},
  volume = {6},
  number = {4},
  pages = {428--432},
  publisher = {{Nature Publishing Group}},
  doi = {10.1038/nn1029},
  langid = {english}
}

@article{giari2020,
  title = {Spatiotemporal Properties of the Neural Representation of Conceptual Content for Words and Pictures \textendash{} an {{MEG}} Study},
  author = {Giari, Giuliano and Leonardelli, Elisa and Tao, Yuan and Machado, Mayara and Fairhall, Scott L.},
  year = {2020},
  journal = {NeuroImage},
  volume = {219},
  pages = {116913},
  doi = {10.1016/j.neuroimage.2020.116913},
  langid = {english}
}

@article{gilbert2013,
  title = {Top-down Influences on Visual Processing},
  author = {Gilbert, Charles D. and Li, Wu},
  year = {2013},
  journal = {Nature Reviews Neuroscience},
  volume = {14},
  number = {5},
  pages = {350--363},
  publisher = {{Nature Publishing Group}},
  doi = {10.1038/nrn3476},
  langid = {english}
}

@article{gomezgonzalez1994,
  title = {Sources of Attention-Sensitive Visual Event-Related Potentials},
  author = {Gomez Gonzalez, C. M. and Clark, V. P. and Fan, S. and Luck, S. J. and Hillyard, S. A.},
  year = {1994},
  journal = {Brain Topography},
  volume = {7},
  number = {1},
  pages = {41--51},
  doi = {10.1007/BF01184836},
  langid = {english}
}

@article{gonzalez-garcia2020,
  title = {A Gradient of Sharpening Effects by Perceptual Prior across the Human Cortical Hierarchy},
  author = {{Gonz{\'a}lez-Garc{\'i}a}, Carlos and He, Biyu Jade},
  year = {2020},
  journal = {Journal of Neuroscience},
  publisher = {{Society for Neuroscience}},
  doi = {10.1523/JNEUROSCI.2023-20.2020},
  chapter = {Research Articles},
  langid = {english}
}

@article{goodale1992,
  title = {Separate Visual Pathways for Perception and Action},
  author = {Goodale, Melvyn A. and Milner, A. David},
  year = {1992},
  journal = {Trends in Neurosciences},
  volume = {15},
  number = {1},
  pages = {20--25},
  doi = {10.1016/0166-2236(92)90344-8},
  langid = {english}
}

@article{gramfort2013,
  title = {{{MEG}} and {{EEG}} Data Analysis with {{MNE-Python}}},
  author = {Gramfort, Alexandre and Luessi, Martin and Larson, Eric and Engemann, Denis A. and Strohmeier, Daniel and Brodbeck, Christian and Goj, Roman and Jas, Mainak and Brooks, Teon and Parkkonen, Lauri and H{\"a}m{\"a}l{\"a}inen, Matti},
  year = {2013},
  journal = {Frontiers in Neuroscience},
  volume = {7},
  publisher = {{Frontiers}},
  doi = {10.3389/fnins.2013.00267},
  langid = {english}
}

@article{grandchamp2011,
  title = {Single-Trial Normalization for Event-Related Spectral Decomposition Reduces Sensitivity to Noisy Trials},
  author = {Grandchamp, Romain and Delorme, Arnaud},
  year = {2011},
  journal = {Frontiers in Psychology},
  volume = {2},
  doi = {10.3389/fpsyg.2011.00236}
}

@article{gratton2009,
  title = {See What {{I}} Mean? {{An ERP}} Study of the Effect of Background Knowledge on Novel Object Processing},
  author = {Gratton, Caterina and Evans, Karen M. and Federmeier, Kara D.},
  year = {2009},
  journal = {Memory \& Cognition},
  volume = {37},
  number = {3},
  pages = {277--291},
  doi = {10.3758/MC.37.3.277},
  langid = {english}
}

@article{griffiths2016,
  title = {Brain Oscillations Track the Formation of Episodic Memories in the Real World},
  author = {Griffiths, Benjamin and Mazaheri, Ali and Debener, Stefan and Hanslmayr, Simon},
  year = {2016},
  journal = {NeuroImage},
  volume = {143},
  pages = {256--266},
  doi = {10.1016/j.neuroimage.2016.09.021},
  langid = {english}
}

@article{griffiths2019,
  title = {Alpha/Beta Power Decreases Track the Fidelity of Stimulus-Specific Information},
  author = {Griffiths, Benjamin James and Mayhew, Stephen D and Mullinger, Karen J and Jorge, Jo{\~a}o and Charest, Ian and Wimber, Maria and Hanslmayr, Simon},
  editor = {Colgin, Laura L and Haegens, Saskia and Woestmann, Malte and Myers, Nicholas Edward},
  year = {2019},
  journal = {eLife},
  volume = {8},
  pages = {e49562},
  publisher = {{eLife Sciences Publications, Ltd}},
  doi = {10.7554/eLife.49562}
}

@article{grootswagers2019,
  title = {Untangling Featural and Conceptual Object Representations},
  author = {Grootswagers, Tijl and Robinson, Amanda K. and Shatek, Sophia M. and Carlson, Thomas A.},
  year = {2019},
  journal = {NeuroImage},
  volume = {202},
  pages = {116083},
  doi = {10.1016/j.neuroimage.2019.116083},
  langid = {english}
}

@article{gruber2005,
  title = {Oscillatory {{Brain Activity Dissociates}} between {{Associative Stimulus Content}} in a {{Repetition Priming Task}} in the {{Human EEG}}},
  author = {Gruber, Thomas and M{\"u}ller, Matthias M.},
  year = {2005},
  journal = {Cerebral Cortex},
  volume = {15},
  number = {1},
  pages = {109--116},
  doi = {10/dnsnft}
}

@article{haber1966,
  title = {Nature of the Effect of Set on Perception},
  author = {Haber, Ralph N.},
  year = {1966},
  journal = {Psychological Review},
  volume = {73},
  number = {4},
  pages = {335--351},
  publisher = {{American Psychological Association}},
  doi = {10.1037/h0023442}
}

@article{hamm2002,
  title = {Comparison of the {{N300}} and {{N400 ERPs}} to Picture Stimuli in Congruent and Incongruent Contexts},
  author = {Hamm, Jeff P and Johnson, Blake W and Kirk, Ian J},
  year = {2002},
  journal = {Clinical Neurophysiology},
  volume = {113},
  number = {8},
  pages = {1339--1350},
  doi = {10.1016/S1388-2457(02)00161-X},
  langid = {english}
}

@article{hanslmayr2009,
  title = {Brain Oscillations Dissociate between Semantic and Nonsemantic Encoding of Episodic Memories},
  author = {Hanslmayr, Simon and Spitzer, Bernhard and B{\"a}uml, Karl-Heinz},
  year = {2009},
  journal = {Cerebral Cortex},
  volume = {19},
  number = {7},
  pages = {1631--1640},
  doi = {10.1093/cercor/bhn197}
}

@article{hanslmayr2012,
  title = {Oscillatory Power Decreases and Long-Term Memory: The Information via Desynchronization Hypothesis},
  author = {Hanslmayr, Simon and Staudigl, Tobias and Fellner, Marie-Christin},
  year = {2012},
  journal = {Frontiers in Human Neuroscience},
  volume = {6},
  doi = {10.3389/fnhum.2012.00074}
}

@article{harel2013,
  title = {Beyond Perceptual Expertise: {{Revisiting}} the Neural Substrates of Expert Object Recognition},
  author = {Harel, Assaf and Kravitz, Dwight and Baker, Chris I.},
  year = {2013},
  journal = {Frontiers in Human Neuroscience},
  volume = {7},
  publisher = {{Frontiers}},
  doi = {10.3389/fnhum.2013.00885},
  langid = {english}
}

@article{hassler2011,
  title = {Induced Gamma Band Responses in Human {{EEG}} after the Control of Miniature Saccadic Artifacts},
  author = {Hassler, Uwe and Trujillo Barreto, Nelson and Gruber, Thomas},
  year = {2011},
  journal = {NeuroImage},
  volume = {57},
  number = {4},
  pages = {1411--1421},
  doi = {10/fwfnf4},
  langid = {english}
}

@article{heisz2008,
  title = {Holistic Facial Representation Is Required for Some but Not All Face Processing: {{Evidence}} from Event-Related Potentials},
  author = {Heisz, Jennifer J. and Shedden, Judith M.},
  year = {2008},
  journal = {Journal of Vision},
  volume = {8},
  number = {6},
  pages = {400--400},
  publisher = {{The Association for Research in Vision and Ophthalmology}},
  doi = {10.1167/8.6.400},
  langid = {english}
}

@article{hendrycks2019,
  title = {Natural Adversarial Examples},
  author = {Hendrycks, Dan and Zhao, Kevin and Basart, Steven and Steinhardt, Jacob and Song, Dawn},
  year = {2019},
  langid = {english}
}

@article{hesselmann2018,
  title = {Applying {{Linear Mixed Effects Models}} ({{LMMs}}) in {{Within-Participant Designs With Subjective Trial-Based Assessments}} of {{Awareness}}\textemdash a {{Caveat}}},
  author = {Hesselmann, Guido},
  year = {2018},
  journal = {Frontiers in Psychology},
  volume = {9},
  publisher = {{Frontiers}},
  doi = {10.3389/fpsyg.2018.00788},
  langid = {english}
}

@article{hillyard1998,
  title = {Temporal Dynamics of Early Perceptual Processing},
  author = {Hillyard, Steven A and {Teder-S{\"a}lej{\"a}rvi}, Wolfgang A and M{\"u}nte, Thomas F},
  year = {1998},
  journal = {Current Opinion in Neurobiology},
  volume = {8},
  number = {2},
  pages = {202--210},
  doi = {10.1016/S0959-4388(98)80141-4},
  langid = {english}
}

@article{hirschfeld2011,
  title = {Effects of Language Comprehension on Visual Processing \textendash{} {{MEG}} Dissociates Early Perceptual and Late {{N400}} Effects},
  author = {Hirschfeld, Gerrit and Zwitserlood, Pienie and Dobel, Christian},
  year = {2011},
  journal = {Brain and Language},
  volume = {116},
  number = {2},
  pages = {91--96},
  doi = {10.1016/j.bandl.2010.07.002},
  langid = {english}
}

@article{hochstein2002,
  title = {View from the Top: {{Hierarchies}} and Reverse Hierarchies in the Visual System},
  author = {Hochstein, Shaul and Ahissar, Merav},
  year = {2002},
  journal = {Neuron},
  volume = {36},
  number = {5},
  pages = {791--804},
  doi = {10.1016/S0896-6273(02)01091-7},
  langid = {english}
}

@article{holmes2012,
  title = {Does Categorical Perception in the Left Hemisphere Depend on Language?},
  author = {Holmes, Kevin J. and Wolff, Phillip},
  year = {2012},
  journal = {Journal of Experimental Psychology. General},
  volume = {141},
  number = {3},
  pages = {439--443},
  doi = {10.1037/a0027289},
  langid = {english}
}

@article{hsieh2010,
  title = {Recognition Alters the Spatial Pattern of {{fMRI}} Activation in Early Retinotopic Cortex},
  author = {Hsieh, P.-J. and Vul, E. and Kanwisher, N.},
  year = {2010},
  journal = {Journal of Neurophysiology},
  volume = {103},
  number = {3},
  pages = {1501--1507},
  doi = {10.1152/jn.00812.2009},
  langid = {english}
}

@article{hubel1962,
  title = {Receptive Fields, Binocular Interaction and Functional Architecture in the Cat's Visual Cortex},
  author = {Hubel, D. H. and Wiesel, T. N.},
  year = {1962},
  journal = {The Journal of Physiology},
  volume = {160},
  number = {1},
  pages = {106-154.2}
}

@article{hulten2009,
  title = {Accessing Newly Learned Names and Meanings in the Native Language},
  author = {Hult{\'e}n, Annika and Vihla, Minna and Laine, Matti and Salmelin, Riitta},
  year = {2009},
  journal = {Human Brain Mapping},
  volume = {30},
  number = {3},
  pages = {976--989},
  doi = {10.1002/hbm.20561},
  langid = {english},
  annotation = {\_eprint: https://onlinelibrary.wiley.com/doi/pdf/10.1002/hbm.20561}
}

@article{hyvarinen1999,
  title = {Fast and Robust Fixed-Point Algorithms for Independent Component Analysis},
  author = {Hyv{\"a}rinen, A.},
  year = {1999},
  journal = {IEEE Transactions on Neural Networks},
  volume = {10},
  number = {3},
  pages = {626--634},
  doi = {10.1109/72.761722}
}

@article{itier2004,
  title = {N170 or {{N1}}? {{Spatiotemporal Differences}} between {{Object}} and {{Face Processing Using ERPs}}},
  author = {Itier, Roxane J. and Taylor, Margot J.},
  year = {2004},
  journal = {Cerebral Cortex},
  volume = {14},
  number = {2},
  pages = {132--142},
  publisher = {{Oxford Academic}},
  doi = {10.1093/cercor/bhg111},
  langid = {english}
}

@article{jacques2010,
  title = {Misaligning Face Halves Increases and Delays the {{N170}} Specifically for Upright Faces: {{Implications}} for the Nature of Early Face Representations},
  author = {Jacques, Corentin and Rossion, B.},
  year = {2010},
  journal = {Brain Research},
  volume = {1318},
  pages = {96--109},
  doi = {10.1016/j.brainres.2009.12.070},
  langid = {english}
}

@article{james2003,
  title = {Auditory and Action Semantic Features Activate Sensory-Specific Perceptual Brain Regions},
  author = {James, Thomas W. and Gauthier, Isabel},
  year = {2003},
  journal = {Current Biology},
  volume = {13},
  number = {20},
  pages = {1792--1796},
  doi = {10.1016/j.cub.2003.09.039},
  langid = {english}
}

@article{johannes1995,
  title = {Luminance and Spatial Attention Effects on Early Visual Processing},
  author = {Johannes, S. and M{\"u}nte, T. F. and Heinze, H. J. and Mangun, G. R.},
  year = {1995},
  journal = {Cognitive Brain Research},
  volume = {2},
  number = {3},
  pages = {189--205},
  doi = {10.1016/0926-6410(95)90008-X},
  langid = {english}
}

@article{judd2012,
  title = {Treating Stimuli as a Random Factor in Social Psychology: {{A}} New and Comprehensive Solution to a Pervasive but Largely Ignored Problem},
  author = {Judd, Charles M. and Westfall, Jacob and Kenny, David A.},
  year = {2012},
  journal = {Journal of Personality and Social Psychology},
  volume = {103},
  number = {1},
  pages = {54--69},
  publisher = {{American Psychological Association}},
  address = {{US}},
  doi = {10.1037/a0028347}
}

@article{kar2021,
  title = {Fast {{Recurrent Processing}} via {{Ventrolateral Prefrontal Cortex Is Needed}} by the {{Primate Ventral Stream}} for {{Robust Core Visual Object Recognition}}},
  author = {Kar, Kohitij and DiCarlo, James J.},
  year = {2021},
  journal = {Neuron},
  volume = {109},
  number = {1},
  pages = {164-176.e5},
  doi = {10/ghgj8s},
  langid = {english}
}

@article{keil1999,
  title = {Human Gamma Band Activity and Perception of a Gestalt},
  author = {Keil, A. and M{\"u}ller, M. M. and Ray, W. J. and Gruber, T. and Elbert, T.},
  year = {1999},
  journal = {The Journal of Neuroscience: The Official Journal of the Society for Neuroscience},
  volume = {19},
  number = {16},
  pages = {7152--7161},
  langid = {english}
}

@article{kiefer2007,
  title = {Experience-Dependent {{Plasticity}} of {{Conceptual Representations}} in {{Human Sensory-Motor Areas}}},
  author = {Kiefer, Markus and Sim, Eun-Jin and Liebich, Sarah and Hauk, Olaf and Tanaka, James},
  year = {2007},
  journal = {Journal of Cognitive Neuroscience},
  volume = {19},
  number = {3},
  pages = {525--542},
  publisher = {{MIT Press}},
  doi = {10.1162/jocn.2007.19.3.525}
}

@article{kilavik2013,
  ids = {kilavik2013a},
  title = {The Ups and Downs of Beta Oscillations in Sensorimotor Cortex},
  author = {Kilavik, Bj{\o}rg Elisabeth and Zaepffel, Manuel and Brovelli, Andrea and MacKay, William A. and Riehle, Alexa},
  year = {2013},
  journal = {Experimental Neurology},
  series = {Special {{Issue}}: {{Neuronal}} Oscillations in Movement Disorders},
  volume = {245},
  pages = {15--26},
  doi = {10.1016/j.expneurol.2012.09.014},
  langid = {english}
}

@article{kizilirmak2016,
  title = {Generation and the Subjective Feeling of ``Aha!'' Are Independently Related to Learning from Insight},
  author = {Kizilirmak, Jasmin M. and {Galvao Gomes da Silva}, Joana and Imamoglu, Fatma and {Richardson-Klavehn}, Alan},
  year = {2016},
  journal = {Psychological Research},
  volume = {80},
  number = {6},
  pages = {1059--1074},
  doi = {10.1007/s00426-015-0697-2}
}

@inproceedings{koch2015,
  title = {Siamese Neural Networks for One-Shot Image Recognition},
  booktitle = {Deep {{Learning Workshop}} at the 2015 {{International Conference}} on {{Machine Learning}}},
  author = {Koch, Gregory and Zemel, Richard and Salakhutdinov, Ruslan},
  year = {2015},
  volume = {vol. 2},
  publisher = {{Lille}}
}

@article{kovalenko2012,
  title = {A Pool of Pairs of Related Objects ({{POPORO}}) for Investigating Visual Semantic Integration: {{Behavioral}} and Electrophysiological Validation},
  author = {Kovalenko, Lyudmyla Y. and Chaumon, Maximilien and Busch, Niko A.},
  year = {2012},
  journal = {Brain Topography},
  volume = {25},
  number = {3},
  pages = {272--284},
  doi = {10.1007/s10548-011-0216-8},
  langid = {english}
}

@article{krizhevsky2012,
  title = {{{ImageNet}} Classification with Deep Convolutional Neural Networks},
  author = {Krizhevsky, Alex and Sutskever, Ilya and Hinton, Geoffrey E.},
  year = {2012},
  journal = {Advances in Neural Information Processing Systems},
  volume = {25},
  pages = {1097--1105},
  doi = {10.1145/3065386}
}

@article{kuipers2018,
  title = {Abstract Images and Words Can Convey the Same Meaning},
  author = {Kuipers, Jan Rouke and Jones, Manon Wyn and Thierry, Guillaume},
  year = {2018},
  journal = {Scientific Reports},
  volume = {8},
  number = {1},
  pages = {1--6},
  publisher = {{Nature Publishing Group}},
  doi = {10.1038/s41598-018-25441-5},
  langid = {english}
}

@article{kutas2011,
  title = {Thirty Years and Counting: {{Finding}} Meaning in the {{N400}} Component of the Event-Related Brain Potential ({{ERP}})},
  author = {Kutas, Marta and Federmeier, Kara D.},
  year = {2011},
  journal = {Annual Review of Psychology},
  volume = {62},
  number = {1},
  pages = {621--647},
  publisher = {{Annual Reviews}},
  doi = {10.1146/annurev.psych.093008.131123}
}

@article{lau2008,
  title = {A Cortical Network for Semantics: ({{De}})Constructing the {{N400}}},
  author = {Lau, Ellen F. and Phillips, Colin and Poeppel, David},
  year = {2008},
  journal = {Nature Reviews Neuroscience},
  volume = {9},
  number = {12},
  pages = {920--933},
  publisher = {{Nature Publishing Group}},
  doi = {10.1038/nrn2532},
  langid = {english}
}

@article{lee2003,
  title = {Hierarchical {{Bayesian}} Inference in the Visual Cortex},
  author = {Lee, Tai Sing and Mumford, David},
  year = {2003},
  journal = {Journal of the Optical Society of America. A, Optics, Image Science, and Vision},
  volume = {20},
  number = {7},
  pages = {1434--1448},
  doi = {10.1364/josaa.20.001434},
  langid = {english}
}

@article{lifei-fei2006,
  title = {One-Shot Learning of Object Categories},
  author = {{Li Fei-Fei} and Fergus, R. and Perona, P.},
  year = {2006},
  journal = {IEEE Transactions on Pattern Analysis and Machine Intelligence},
  volume = {28},
  number = {4},
  pages = {594--611},
  doi = {10.1109/TPAMI.2006.79}
}

@article{lin1997,
  title = {Effects of Background Knowledge on Object Categorization and Part Detection},
  author = {Lin, Emilie L. and Murphy, Gregory L.},
  year = {1997},
  journal = {Journal of Experimental Psychology: Human Perception and Performance},
  volume = {23},
  number = {4},
  pages = {1153--1169},
  publisher = {{American Psychological Association}},
  doi = {10.1037/0096-1523.23.4.1153}
}

@article{lindsay2020,
  title = {Convolutional Neural Networks as a Model of the Visual System: {{Past}}, Present, and Future},
  author = {Lindsay, Grace W.},
  year = {2020},
  journal = {Journal of Cognitive Neuroscience},
  pages = {1--15},
  doi = {10.1162/jocn_a_01544}
}

@article{luck1994,
  title = {Effects of Spatial Cuing on Luminance Detectability: {{Psychophysical}} and Electrophysiological Evidence for Early Selection},
  author = {Luck, S. J. and Hillyard, S. A. and Mouloua, M. and Woldorff, M. G. and Clark, V. P. and Hawkins, H. L.},
  year = {1994},
  journal = {Journal of Experimental Psychology: Human Perception and Performance},
  volume = {20},
  number = {4},
  pages = {887--904},
  doi = {10.1037//0096-1523.20.4.887},
  langid = {english}
}

@article{luck2000,
  title = {Event-Related Potential Studies of Attention},
  author = {Luck, Steven J. and Woodman, Geoffrey F. and Vogel, Edward K.},
  year = {2000},
  journal = {Trends in Cognitive Sciences},
  volume = {4},
  number = {11},
  pages = {432--440},
  doi = {10.1016/S1364-6613(00)01545-X},
  langid = {english}
}

@incollection{luck2014,
  title = {Overview of Common {{ERP}} Components},
  booktitle = {An {{Introduction}} to the {{Event-Related Potential Technique}}},
  author = {Luck, Steven J.},
  year = {2014},
  edition = {Second},
  pages = {71--118},
  publisher = {{MIT Press}},
  address = {{Cambridge, Massachusetts}},
  isbn = {978-0-262-52585-5},
  lccn = {QP376.5 .L83 2014}
}

@article{lupyan2012,
  title = {Linguistically Modulated Perception and Cognition: {{The}} Label-Feedback Hypothesis},
  author = {Lupyan, Gary},
  year = {2012},
  journal = {Frontiers in Psychology},
  volume = {3},
  publisher = {{Frontiers}},
  doi = {10.3389/fpsyg.2012.00054},
  langid = {english}
}

@article{lupyan2015,
  ids = {lupyan2015a},
  title = {Cognitive Penetrability of Perception in the Age of Prediction: {{Predictive}} Systems Are Penetrable Systems},
  author = {Lupyan, Gary},
  year = {2015},
  journal = {Review of Philosophy and Psychology},
  volume = {6},
  number = {4},
  pages = {547--569},
  doi = {10.1007/s13164-015-0253-4},
  langid = {english}
}

@article{lupyan2015a,
  title = {Words and the World: {{Predictive}} Coding and the Language-Perception-Cognition Interface},
  author = {Lupyan, Gary and Clark, Andy},
  year = {2015},
  journal = {Current Directions in Psychological Science},
  volume = {24},
  number = {4},
  pages = {279--284},
  publisher = {{SAGE Publications Inc}},
  doi = {10.1177/0963721415570732},
  langid = {english}
}

@article{lupyan2020,
  title = {Effects of Language on Visual Perception},
  author = {Lupyan, Gary and Abdel Rahman, Rasha and Boroditsky, Lera and Clark, Andy},
  year = {2020},
  journal = {Trends in Cognitive Sciences},
  volume = {24},
  number = {11},
  pages = {930--944},
  doi = {10.1016/j.tics.2020.08.005},
  langid = {english}
}

@incollection{machery2015,
  title = {Cognitive Penetrability: {{A}} No-Progress Report},
  booktitle = {The {{Cognitive Penetrability}} of {{Perception}}: {{New Philosophical Perspectives}}},
  author = {Machery, Edouard},
  editor = {Zeimbekis, John and Raftopoulos, Athanassios},
  year = {2015},
  publisher = {{Oxford University Press}},
  chapter = {The Cognitive Penetrability of Perception},
  isbn = {978-0-19-180210-2},
  langid = {american}
}

@article{maier2014,
  title = {Does the Semantic Content of Verbal Categories Influence Categorical Perception? {{An ERP}} Study},
  author = {Maier, Martin and Glage, Philipp and Hohlfeld, Annette and Abdel Rahman, Rasha},
  year = {2014},
  journal = {Brain and Cognition},
  volume = {91},
  pages = {1--10},
  doi = {10.1016/j.bandc.2014.07.008},
  langid = {english}
}

@article{maier2018,
  ids = {maier2018a},
  title = {Native Language Promotes Access to Visual Consciousness},
  author = {Maier, Martin and Abdel Rahman, Rasha},
  year = {2018},
  journal = {Psychological Science},
  volume = {29},
  number = {11},
  pages = {1757--1772},
  publisher = {{SAGE Publications Inc}},
  doi = {10.1177/0956797618782181},
  langid = {english}
}

@article{maier2019,
  title = {No Matter How: {{Top-down}} Effects of Verbal and Semantic Category Knowledge on Early Visual Perception},
  author = {Maier, Martin and Abdel Rahman, Rasha},
  year = {2019},
  journal = {Cognitive, Affective, \& Behavioral Neuroscience},
  volume = {19},
  number = {4},
  pages = {859--876},
  publisher = {{Springer US}},
  doi = {10.3758/s13415-018-00679-8},
  langid = {english}
}

@article{maier2022,
  title = {Knowledge-Augmented Face Perception: {{Prospects}} for the {{Bayesian}} Brain-Framework to Align {{AI}} and Human Vision},
  author = {Maier, Martin and Blume, Florian and Bideau, Pia and Hellwich, Olaf and Abdel Rahman, Rasha},
  year = {2022},
  journal = {Consciousness and Cognition},
  volume = {101},
  pages = {103301},
  doi = {10.1016/j.concog.2022.103301},
  langid = {english}
}

@article{mangun1991,
  title = {Modulations of Sensory-Evoked Brain Potentials Indicate Changes in Perceptual Processing during Visual-Spatial Priming},
  author = {Mangun, George R. and Hillyard, Steven A.},
  year = {1991},
  journal = {Journal of Experimental Psychology: Human Perception and Performance},
  volume = {17},
  number = {4},
  pages = {1057--1074},
  publisher = {{American Psychological Association}},
  address = {{US}},
  doi = {10.1037/0096-1523.17.4.1057}
}

@article{mangun1995,
  title = {Neural Mechanisms of Visual Selective Attention},
  author = {Mangun, George R.},
  year = {1995},
  journal = {Psychophysiology},
  volume = {32},
  number = {1},
  pages = {4--18},
  doi = {10.1111/j.1469-8986.1995.tb03400.x},
  langid = {english},
  annotation = {\_eprint: https://onlinelibrary.wiley.com/doi/pdf/10.1111/j.1469-8986.1995.tb03400.x}
}

@article{maris2007,
  title = {Nonparametric Statistical Testing of {{EEG-}} and {{MEG-data}}},
  author = {Maris, Eric and Oostenveld, Robert},
  year = {2007},
  journal = {Journal of Neuroscience Methods},
  volume = {164},
  number = {1},
  pages = {177--190},
  doi = {10.1016/j.jneumeth.2007.03.024},
  langid = {english}
}

@book{marr1982,
  title = {Vision: {{A}} Computational Investigation into the Human Representation and Processing of Visual Information},
  author = {Marr, David},
  year = {1982},
  publisher = {{W.H. Freeman}},
  address = {{San Francisco}},
  isbn = {978-0-7167-1284-8},
  lccn = {QP475 .M27 1982}
}

@article{matuschek2017,
  title = {Balancing {{Type I}} Error and Power in Linear Mixed Models},
  author = {Matuschek, Hannes and Kliegl, Reinhold and Vasishth, Shravan and Baayen, Harald and Bates, Douglas},
  year = {2017},
  journal = {Journal of Memory and Language},
  volume = {94},
  pages = {305--315},
  doi = {10.1016/j.jml.2017.01.001},
  langid = {english}
}

@article{mercure2011,
  title = {The {{N170 Shows Differential Repetition Effects}} for {{Faces}}, {{Objects}}, and {{Orthographic Stimuli}}},
  author = {Mercure, Evelyne and Kadosh, Kathrin Cohen and Johnson, Mark H.},
  year = {2011},
  journal = {Frontiers in Human Neuroscience},
  volume = {5},
  doi = {10.3389/fnhum.2011.00006}
}

@article{mishkin1982,
  title = {Contribution of Striate Inputs to the Visuospatial Functions of Parieto-Preoccipital Cortex in Monkeys},
  author = {Mishkin, Mortimer and Ungerleider, Leslie G.},
  year = {1982},
  journal = {Behavioural Brain Research},
  volume = {6},
  number = {1},
  pages = {57--77},
  doi = {10.1016/0166-4328(82)90081-X},
  langid = {english}
}

@article{mitchell2020,
  title = {On Crashing the Barrier of Meaning in Artificial Intelligence},
  author = {Mitchell, Melanie},
  year = {2020},
  journal = {AI Magazine},
  volume = {41},
  number = {2},
  pages = {86--92},
  doi = {10.1609/aimag.v41i2.5259},
  langid = {english}
}

@article{mo2011,
  ids = {mo2011a},
  title = {Electrophysiological Evidence for the Left-Lateralized Effect of Language on Preattentive Categorical Perception of Color},
  author = {Mo, Lei and Xu, Guiping and Kay, Paul and Tan, Li-Hai},
  year = {2011},
  journal = {Proceedings of the National Academy of Sciences},
  volume = {108},
  number = {34},
  pages = {14026--14030},
  publisher = {{National Academy of Sciences}},
  doi = {10.1073/pnas.1111860108},
  chapter = {Social Sciences},
  langid = {english}
}

@article{neri2014,
  title = {Semantic {{Control}} of {{Feature Extraction}} from {{Natural Scenes}}},
  author = {Neri, Peter},
  year = {2014},
  journal = {Journal of Neuroscience},
  volume = {34},
  number = {6},
  pages = {2374--2388},
  publisher = {{Society for Neuroscience}},
  doi = {10.1523/JNEUROSCI.1755-13.2014},
  chapter = {Articles},
  langid = {english}
}

@article{nigam1992,
  title = {N400 to Semantically Anomalous Pictures and Words},
  author = {Nigam, Arti and Hoffman, James E. and Simons, Robert F.},
  year = {1992},
  journal = {Journal of Cognitive Neuroscience},
  volume = {4},
  number = {1},
  pages = {15--22},
  publisher = {{MIT Press}},
  doi = {10.1162/jocn.1992.4.1.15}
}

@article{oldfield1971,
  title = {The Assessment and Analysis of Handedness: {{The Edinburgh}} Inventory},
  author = {Oldfield, R. C.},
  year = {1971},
  journal = {Neuropsychologia},
  volume = {9},
  number = {1},
  pages = {97--113},
  doi = {10.1016/0028-3932(71)90067-4},
  langid = {english}
}

@article{opensciencecollaboration2015,
  title = {Estimating the Reproducibility of Psychological Science},
  author = {{Open Science Collaboration}},
  year = {2015},
  journal = {Science},
  volume = {349},
  number = {6251},
  publisher = {{American Association for the Advancement of Science}},
  doi = {10.1126/science.aac4716},
  chapter = {Research Article},
  langid = {english}
}

@article{panichello2013,
  title = {Predictive Feedback and Conscious Visual Experience},
  author = {Panichello, Matthew F. and Cheung, Olivia S. and Bar, Moshe},
  year = {2013},
  journal = {Frontiers in Psychology},
  volume = {3},
  publisher = {{Frontiers}},
  doi = {10.3389/fpsyg.2012.00620},
  langid = {english}
}

@article{peikert2021,
  title = {A Reproducible Data Analysis Workflow with {{R Markdown}}, Git, {{Make}}, and {{Docker}}},
  author = {Peikert, Aaron and Brandmaier, Andreas M.},
  year = {2021},
  journal = {Quantitative and Computational Methods in Behavioral Sciences},
  pages = {1--27},
  doi = {10.5964/qcmb.3763},
  langid = {english}
}

@article{phelps2016,
  title = {Emotion Facilitates Perception and Potentiates the Perceptual Benefits of Attention},
  author = {Phelps, Elizabeth A. and Ling, Sam and Carrasco, Marisa},
  year = {2016},
  journal = {Psychological Science},
  volume = {17},
  number = {4},
  pages = {292--299},
  publisher = {{SAGE PublicationsSage CA: Los Angeles, CA}},
  langid = {english}
}

@incollection{pratt2011,
  title = {Sensory {{ERP}} Components},
  booktitle = {The {{Oxford}} Handbook of Event-Related Potential Components},
  author = {Pratt, Hillel},
  editor = {Kappenman, Emily S. and Luck, Steven J.},
  year = {2011},
  pages = {89--114},
  publisher = {{Oxford University Press}},
  doi = {10.1093/oxfordhb/9780195374148.013.0050}
}

@article{pylyshyn1999,
  ids = {pylyshyn1999a},
  title = {Is Vision Continuous with Cognition? {{The}} Case for Cognitive Impenetrability of Visual Perception},
  author = {Pylyshyn, Zenon},
  year = {1999},
  journal = {Behavioral and Brain Sciences},
  volume = {22},
  number = {3},
  pages = {341--365},
  publisher = {{Cambridge University Press}},
  doi = {10.1017/S0140525X99002022},
  langid = {english}
}

@article{rabovsky2018,
  title = {Modelling the {{N400}} Brain Potential as Change in a Probabilistic Representation of Meaning},
  author = {Rabovsky, Milena and Hansen, Steven S. and McClelland, J.L.},
  year = {2018},
  journal = {Nature Human Behaviour},
  volume = {2},
  number = {9},
  pages = {693--705},
  publisher = {{Nature Publishing Group}},
  doi = {10.1038/s41562-018-0406-4},
  langid = {english},
  annotation = {Bandiera\_abtest: a Cg\_type: Nature Research Journals Primary\_atype: Research Subject\_term: Human behaviour;Language Subject\_term\_id: human-behaviour;language}
}

@article{rao1999,
  title = {Predictive Coding in the Visual Cortex: {{A}} Functional Interpretation of Some Extra-Classical Receptive-Field Effects},
  author = {Rao, Rajesh P. N. and Ballard, Dana H.},
  year = {1999},
  journal = {Nature Neuroscience},
  volume = {2},
  number = {1},
  pages = {79--87},
  publisher = {{Nature Publishing Group}},
  doi = {10.1038/4580},
  langid = {english}
}

@article{raudenbush1993,
  title = {A Crossed Random Effects Model for Unbalanced Data with Applications in Cross-Sectional and Longitudinal Research},
  author = {Raudenbush, Stephen W.},
  year = {1993},
  journal = {Journal of Educational Statistics},
  volume = {18},
  number = {4},
  pages = {321--349},
  publisher = {{[Sage Publications, Inc., American Educational Research Association, American Statistical Association]}},
  doi = {10.2307/1165158}
}

@article{richter2022,
  title = {Dampened Sensory Representations for Expected Input across the Ventral Visual Stream},
  author = {Richter, David and Heilbron, Micha and {de Lange}, Floris P},
  year = {2022},
  journal = {Oxford Open Neuroscience},
  volume = {1},
  pages = {kvac013},
  doi = {10.1093/oons/kvac013}
}

@article{riesenhuber2000,
  title = {Models of Object Recognition},
  author = {Riesenhuber, Maximilian and Poggio, Tomaso},
  year = {2000},
  journal = {Nature Neuroscience},
  volume = {3},
  number = {11},
  pages = {1199--1204},
  publisher = {{Nature Publishing Group}},
  doi = {10.1038/81479},
  langid = {english}
}

@article{rodriguez1999,
  ids = {rodriguez1999a},
  title = {Perception's Shadow: Long-Distance Synchronization of Human Brain Activity},
  author = {Rodriguez, Eugenio and George, Nathalie and Lachaux, Jean-Philippe and Martinerie, Jacques and Renault, Bernard and Varela, Francisco J.},
  year = {1999},
  journal = {Nature},
  volume = {397},
  number = {6718},
  pages = {430--433},
  publisher = {{Nature Publishing Group}},
  doi = {10/fw7v3w},
  langid = {english}
}

@article{rossion1999,
  title = {Spatio-Temporal Localization of the Face Inversion Effect: An Event-Related Potentials Study},
  author = {Rossion, B. and Delvenne, J. -F and Debatisse, D and Goffaux, V and Bruyer, R and Crommelinck, M and Gu{\'e}rit, J. -M},
  year = {1999},
  journal = {Biological Psychology},
  volume = {50},
  number = {3},
  pages = {173--189},
  doi = {10.1016/S0301-0511(99)00013-7},
  langid = {english}
}

@article{rossion2002,
  title = {Expertise Training with Novel Objects Leads to Left-Lateralized Facelike Electrophysiological Responses},
  author = {Rossion, B. and Gauthier, I. and Goffaux, V. and Tarr, M. J. and Crommelinck, M.},
  year = {2002},
  journal = {Psychological Science},
  volume = {13},
  number = {3},
  pages = {250--257},
  publisher = {{SAGE PublicationsSage CA: Los Angeles, CA}},
  langid = {english}
}

@article{rossion2004,
  title = {Visual Expertise with Nonface Objects Leads to Competition with the Early Perceptual Processing of Faces in the Human Occipitotemporal Cortex},
  author = {Rossion, B. and Kung, Chun-Chia and Tarr, Michael J.},
  year = {2004},
  journal = {Proceedings of the National Academy of Sciences},
  volume = {101},
  number = {40},
  pages = {14521--14526},
  doi = {10.1073/pnas.0405613101}
}

@incollection{rossion2011,
  title = {The {{N170}}: {{Understanding}} the Time Course of Face Perception in the Human Brain},
  booktitle = {The {{Oxford}} Handbook of Event-Related Potential Components},
  author = {Rossion, B. and Jacques, Corentin},
  editor = {Kappenman, Emily S. and Luck, Steven J.},
  year = {2011},
  pages = {115--142},
  publisher = {{Oxford University Press}},
  doi = {10.1093/oxfordhb/9780195374148.001.0001},
  isbn = {978-0-19-994035-6},
  langid = {american}
}

@article{sagiv2001,
  title = {Structural Encoding of Human and Schematic Faces: {{Holistic}} and Part-Based Processes},
  author = {Sagiv, Noam and Bentin, Shlomo},
  year = {2001},
  journal = {Journal of Cognitive Neuroscience},
  volume = {13},
  number = {7},
  pages = {937--951},
  publisher = {{MIT Press}},
  doi = {10.1162/089892901753165854}
}

@article{samaha2018,
  title = {Effects of Meaningfulness on Perception: {{Alpha-band}} Oscillations Carry Perceptual Expectations and Influence Early Visual Responses},
  author = {Samaha, Jason and Boutonnet, Bastien and Postle, Bradley R. and Lupyan, Gary},
  year = {2018},
  journal = {Scientific Reports},
  volume = {8},
  number = {1},
  pages = {1--14},
  publisher = {{Nature Publishing Group}},
  doi = {10.1038/s41598-018-25093-5},
  langid = {english}
}

@article{sassenhagen2019,
  title = {Cluster-Based Permutation Tests of {{MEG}}/{{EEG}} Data Do Not Establish Significance of Effect Latency or Location},
  author = {Sassenhagen, Jona and Draschkow, Dejan},
  year = {2019},
  journal = {Psychophysiology},
  volume = {56},
  number = {6},
  pages = {e13335},
  doi = {10.1111/psyp.13335},
  langid = {english},
  annotation = {\_eprint: https://onlinelibrary.wiley.com/doi/pdf/10.1111/psyp.13335}
}

@article{schaalje2002,
  title = {Adequacy of Approximations to Distributions of Test Statistics in Complex Mixed Linear Models},
  author = {Schaalje, G. Bruce and McBride, Justin B. and Fellingham, Gilbert W.},
  year = {2002},
  journal = {Journal of Agricultural, Biological, and Environmental Statistics},
  volume = {7},
  number = {4},
  pages = {512},
  doi = {10.1198/108571102726},
  langid = {english}
}

@article{schad2020,
  title = {How to Capitalize on a Priori Contrasts in Linear (Mixed) Models: {{A}} Tutorial},
  author = {Schad, Daniel J. and Vasishth, Shravan and Hohenstein, Sven and Kliegl, Reinhold},
  year = {2020},
  journal = {Journal of Memory and Language},
  volume = {110},
  pages = {104038},
  doi = {10.1016/j.jml.2019.104038},
  langid = {english}
}

@article{schendan2007,
  title = {Neurophysiological Evidence for the Time Course of Activation of Global Shape, Part, and Local Contour Representations during Visual Object Categorization and Memory},
  author = {Schendan, Haline E. and Kutas, Marta},
  year = {2007},
  journal = {Journal of Cognitive Neuroscience},
  volume = {19},
  number = {5},
  pages = {734--749},
  publisher = {{MIT Press}},
  doi = {10.1162/jocn.2007.19.5.734}
}

@article{schendan2009,
  title = {Object Knowledge during Entry-Level Categorization Is Activated and Modified by Implicit Memory after 200~Ms},
  author = {Schendan, Haline E. and Maher, Stephen M.},
  year = {2009},
  journal = {NeuroImage},
  volume = {44},
  number = {4},
  pages = {1423--1438},
  doi = {10.1016/j.neuroimage.2008.09.061},
  langid = {english}
}

@article{schendan2010,
  title = {Object-Sensitive Activity Reflects Earlier Perceptual and Later Cognitive Processing of Visual Objects between 95 and 500ms},
  author = {Schendan, Haline E. and Lucia, Lisa C.},
  year = {2010},
  journal = {Brain Research},
  volume = {1329},
  pages = {124--141},
  doi = {10.1016/j.brainres.2010.01.062},
  langid = {english}
}

@article{schindler2015,
  title = {Perceived {{Communicative Context}} and {{Emotional Content Amplify Visual Word Processing}} in the {{Fusiform Gyrus}}},
  author = {Schindler, Sebastian and Wegrzyn, Martin and Steppacher, Inga and Kissler, Johanna},
  year = {2015},
  journal = {Journal of Neuroscience},
  volume = {35},
  number = {15},
  pages = {6010--6019},
  publisher = {{Society for Neuroscience}},
  doi = {10/f68v34},
  chapter = {Articles},
  langid = {english}
}

@article{serre2007,
  title = {A Feedforward Architecture Accounts for Rapid Categorization},
  author = {Serre, Thomas and Oliva, Aude and Poggio, Tomaso},
  year = {2007},
  journal = {Proceedings of the National Academy of Sciences},
  volume = {104},
  number = {15},
  pages = {6424--6429},
  publisher = {{National Academy of Sciences}},
  doi = {10.1073/pnas.0700622104},
  chapter = {Biological Sciences},
  langid = {english}
}

@misc{sexton2021,
  title = {Directly Interfacing Brain and Deep Networks Exposes Non-Hierarchical Visual Processing},
  author = {Sexton, Nicholas J. and Love, Bradley C.},
  year = {2021},
  pages = {2021.06.28.450213},
  institution = {{Cold Spring Harbor Laboratory}},
  doi = {10.1101/2021.06.28.450213},
  chapter = {New Results},
  langid = {english}
}

@article{shir2021,
  title = {You Won't Believe What This Guy Is Doing with the Potato: {{The ObjAct}} Stimulus-Set Depicting Human Actions on Congruent and Incongruent Objects},
  author = {Shir, Yarden and Abudarham, Naphtali and Mudrik, Liad},
  year = {2021},
  journal = {Behavior Research Methods},
  doi = {10.3758/s13428-021-01540-6},
  langid = {english}
}

@article{siegel2012,
  title = {Cognitive Penetrability and Perceptual Justification},
  author = {Siegel, Susanna},
  year = {2012},
  journal = {No\^us},
  volume = {46},
  number = {2},
  pages = {201--222},
  doi = {10.1111/j.1468-0068.2010.00786.x},
  langid = {english},
  annotation = {\_eprint: https://onlinelibrary.wiley.com/doi/pdf/10.1111/j.1468-0068.2010.00786.x}
}

@article{song2010,
  title = {The Role of Top-down Task Context in Learning to Perceive Objects},
  author = {Song, Yiying and Hu, Siyuan and Li, Xueting and Li, Wu and Liu, Jia},
  year = {2010},
  journal = {Journal of Neuroscience},
  volume = {30},
  number = {29},
  pages = {9869--9876},
  publisher = {{Society for Neuroscience}},
  doi = {10.1523/JNEUROSCI.0140-10.2010},
  chapter = {Articles},
  langid = {english}
}

@article{suess2015,
  title = {Perceiving Emotions in Neutral Faces: Expression Processing Is Biased by Affective Person Knowledge},
  author = {Suess, Franziska and Rabovsky, Milena and Abdel Rahman, Rasha},
  year = {2015},
  journal = {Social Cognitive and Affective Neuroscience},
  volume = {10},
  number = {4},
  pages = {531--536},
  doi = {10.1093/scan/nsu088},
  langid = {english}
}

@article{supp2005,
  title = {Semantic Memory Retrieval: Cortical Couplings in Object Recognition in the {{N400}} Window},
  author = {Supp, Gernot G. and Schl{\"o}gl, Alois and Fiebach, Christian J. and Gunter, Thomas C. and Vigliocco, Gabriella and Pfurtscheller, Gert and Petsche, Hellmuth},
  year = {2005},
  journal = {European Journal of Neuroscience},
  volume = {21},
  number = {4},
  pages = {1139--1143},
  doi = {10.1111/j.1460-9568.2005.03906.x},
  langid = {english},
  annotation = {\_eprint: https://onlinelibrary.wiley.com/doi/pdf/10.1111/j.1460-9568.2005.03906.x}
}

@article{supp2007,
  title = {Directed {{Cortical Information Flow}} during {{Human Object Recognition}}: {{Analyzing Induced EEG Gamma-Band Responses}} in {{Brain}}'s {{Source Space}}},
  author = {Supp, Gernot G. and Schl{\"o}gl, Alois and {Trujillo-Barreto}, Nelson and M{\"u}ller, Matthias M. and Gruber, Thomas},
  year = {2007},
  journal = {PLOS ONE},
  volume = {2},
  number = {8},
  pages = {e684},
  publisher = {{Public Library of Science}},
  doi = {10/d5t76t},
  langid = {english}
}

@article{tallon-baudry1996,
  title = {Stimulus Specificity of Phase-Locked and Non-Phase-Locked 40 {{Hz}} Visual Responses in Human},
  author = {{Tallon-Baudry}, C. and Bertrand, O. and Delpuech, C. and Pernier, J.},
  year = {1996},
  journal = {The Journal of Neuroscience: The Official Journal of the Society for Neuroscience},
  volume = {16},
  number = {13},
  pages = {4240--4249},
  langid = {english}
}

@article{tallon-baudry1999,
  title = {Oscillatory Gamma Activity in Humans and Its Role in Object Representation},
  author = {{Tallon-Baudry}, Catherine and Bertrand, Olivier},
  year = {1999},
  journal = {Trends in Cognitive Sciences},
  volume = {3},
  number = {4},
  pages = {151--162},
  doi = {10/d2qhk2},
  langid = {english}
}

@article{tanaka2001,
  title = {A Neural Basis for Expert Object Recognition},
  author = {Tanaka, James W. and Curran, Tim},
  year = {2001},
  journal = {Psychological Science},
  volume = {12},
  number = {1},
  pages = {43--47},
  publisher = {{SAGE Publications Inc}},
  doi = {10.1111/1467-9280.00308},
  langid = {english}
}

@article{taylor2002,
  ids = {taylor2002a},
  title = {Non-Spatial Attentional Effects on {{P1}}},
  author = {Taylor, Margot J.},
  year = {2002},
  journal = {Clinical Neurophysiology},
  volume = {113},
  number = {12},
  pages = {1903--1908},
  doi = {10.1016/S1388-2457(02)00309-7},
  langid = {english}
}

@article{teufel2017,
  title = {How to (and How Not to) Think about Top-down Influences on Visual Perception},
  author = {Teufel, Christoph and Nanay, Bence},
  year = {2017},
  journal = {Consciousness and Cognition},
  series = {Cognitive {{Penetration}} and {{Predictive Coding}}},
  volume = {47},
  pages = {17--25},
  doi = {10.1016/j.concog.2016.05.008},
  langid = {english}
}

@article{teufel2018,
  title = {Prior Object-Knowledge Sharpens Properties of Early Visual Feature-Detectors},
  author = {Teufel, Christoph and Dakin, Steven C. and Fletcher, Paul C.},
  year = {2018},
  journal = {Scientific Reports},
  volume = {8},
  number = {1},
  pages = {10853},
  publisher = {{Nature Publishing Group}},
  doi = {10.1038/s41598-018-28845-5},
  langid = {english}
}

@article{thierry2016,
  title = {Neurolinguistic Relativity: {{How}} Language Flexes Human Perception and Cognition},
  author = {Thierry, Guillaume},
  year = {2016},
  journal = {Language Learning},
  volume = {66},
  number = {3},
  pages = {690--713},
  doi = {10.1111/lang.12186},
  langid = {english},
  annotation = {\_eprint: https://onlinelibrary.wiley.com/doi/pdf/10.1111/lang.12186}
}

@book{vanrossum2009,
  title = {Python 3 Reference Manual},
  author = {Van Rossum, Guido and Drake, Fred L.},
  year = {2009},
  publisher = {{CreateSpace}},
  address = {{Scotts Valley, CA}},
  isbn = {1-4414-1269-7}
}

@article{vetter2014,
  title = {Varieties of Cognitive Penetration in Visual Perception},
  author = {Vetter, Petra and Newen, Albert},
  year = {2014},
  journal = {Consciousness and Cognition},
  volume = {27},
  pages = {62--75},
  doi = {10.1016/j.concog.2014.04.007},
  langid = {english}
}

@article{voeten2019,
  title = {{{ERP}} Responses to Regional Accent Reflect Two Distinct Processes of Perceptual Compensation},
  author = {Voeten, Cesko C. and Levelt, Clara C.},
  year = {2019},
  journal = {Frontiers in Neuroscience},
  volume = {13},
  publisher = {{Frontiers}},
  doi = {10.3389/fnins.2019.00546},
  langid = {english}
}

@book{voeten2020,
  title = {Buildmer: {{Stepwise Elimination}} and {{Term Reordering}} for {{Mixed-Effects Regression}}},
  author = {Voeten, Cesko C.},
  year = {2020}
}

@article{vogel2000,
  title = {The Visual {{N1}} Component as an Index of a Discrimination Process},
  author = {Vogel, E. K. and Luck, S. J.},
  year = {2000},
  journal = {Psychophysiology},
  volume = {37},
  number = {2},
  pages = {190--203},
  langid = {english}
}

@book{vonhelmholtz1867,
  title = {Handbuch Der Physiologischen {{Optik}}},
  author = {{von Helmholtz}, Hermann},
  year = {1867},
  series = {Allgemeine {{Encyklop\"adie}} Der {{Physik}}},
  volume = {9},
  publisher = {{Voss}},
  address = {{Leipzig}}
}

@article{weisberg2007,
  title = {A Neural System for Learning about Object Function},
  author = {Weisberg, Jill and {van Turennout}, Miranda and Martin, Alex},
  year = {2007},
  journal = {Cerebral Cortex},
  volume = {17},
  number = {3},
  pages = {513--521},
  publisher = {{Oxford Academic}},
  doi = {10.1093/cercor/bhj176},
  langid = {english}
}

@article{weller2019,
  title = {Semantic Knowledge Enhances Conscious Awareness of Visual Objects},
  author = {Weller, Peter D. and Rabovsky, Milena and Abdel Rahman, Rasha},
  year = {2019},
  journal = {Journal of Cognitive Neuroscience},
  volume = {31},
  number = {8},
  pages = {1216--1226},
  doi = {10.1162/jocn_a_01404},
  langid = {english}
}

@article{worldmedicalassociation2013,
  title = {World {{Medical Association Declaration}} of {{Helsinki}}: {{Ethical}} Principles for Medical Research Involving Human Subjects},
  author = {{World Medical Association}},
  year = {2013},
  journal = {JAMA},
  volume = {310},
  number = {20},
  pages = {2191--2194},
  doi = {10.1001/jama.2013.281053},
  langid = {english}
}

@article{wu2013,
  title = {Visual Spatial Constancy and Modularity: {{Does}} Intention Penetrate Vision?},
  author = {Wu, Wayne},
  year = {2013},
  journal = {Philosophical Studies},
  volume = {165},
  number = {2},
  pages = {647--669},
  doi = {10.1007/s11098-012-9971-y},
  langid = {english}
}

@article{wyatte2014,
  title = {Early Recurrent Feedback Facilitates Visual Object Recognition under Challenging Conditions},
  author = {Wyatte, Dean and Jilk, David J. and O'Reilly, Randall C.},
  year = {2014},
  journal = {Frontiers in Psychology},
  volume = {5},
  pages = {674},
  publisher = {{Frontiers}},
  doi = {10.3389/fpsyg.2014.00674},
  langid = {english}
}

@article{xu2007,
  title = {Word Learning as {{Bayesian}} Inference},
  author = {Xu, Fei and Tenenbaum, Joshua B.},
  year = {2007},
  journal = {Psychological Review},
  volume = {114},
  number = {2},
  pages = {245--272},
  publisher = {{American Psychological Association}},
  doi = {10.1037/0033-295X.114.2.245}
}

@article{yee2016,
  title = {Putting Concepts into Context},
  author = {Yee, Eiling and {Thompson-Schill}, Sharon L.},
  year = {2016},
  journal = {Psychonomic Bulletin \& Review},
  volume = {23},
  number = {4},
  pages = {1015--1027},
  doi = {10.3758/s13423-015-0948-7},
  langid = {english}
}

@article{yuille2006,
  title = {Vision as {{Bayesian}} Inference: {{Analysis}} by Synthesis?},
  author = {Yuille, Alan and Kersten, Daniel},
  year = {2006},
  journal = {Trends in Cognitive Sciences},
  series = {Special Issue: {{Probabilistic}} Models of Cognition},
  volume = {10},
  number = {7},
  pages = {301--308},
  doi = {10.1016/j.tics.2006.05.002},
  langid = {english}
}

@article{yuval-greenberg2008,
  title = {Transient {{Induced Gamma-Band Response}} in {{EEG}} as a {{Manifestation}} of {{Miniature Saccades}}},
  author = {{Yuval-Greenberg}, Shlomit and Tomer, Orr and Keren, Alon S. and Nelken, Israel and Deouell, Leon Y.},
  year = {2008},
  journal = {Neuron},
  volume = {58},
  number = {3},
  pages = {429--441},
  doi = {10/dg6xt4},
  langid = {english}
}

