@Manual{R-base,
  title = {R: A Language and Environment for Statistical Computing},
  author = {{R Core Team}},
  organization = {R Foundation for Statistical Computing},
  address = {Vienna, Austria},
  year = {2020},
  url = {https://www.R-project.org/},
}
@Manual{R-buildmer,
  title = {{buildmer}: Stepwise Elimination and Term Reordering for Mixed-Effects
Regression},
  author = {Cesko C. Voeten},
  year = {2020},
  note = {R package version 1.6},
  url = {https://CRAN.R-project.org/package=buildmer},
}
@Manual{R-dplyr,
  title = {dplyr: A Grammar of Data Manipulation},
  author = {Hadley Wickham and Romain François and Lionel Henry and Kirill Müller},
  year = {2020},
  note = {R package version 1.0.0},
  url = {https://CRAN.R-project.org/package=dplyr},
}
@Manual{R-emmeans,
  title = {emmeans: Estimated Marginal Means, aka Least-Squares Means},
  author = {Russell Lenth},
  year = {2020},
  note = {R package version 1.4.8},
  url = {https://CRAN.R-project.org/package=emmeans},
}
@Manual{R-forcats,
  title = {forcats: Tools for Working with Categorical Variables (Factors)},
  author = {Hadley Wickham},
  year = {2020},
  note = {R package version 0.5.0},
  url = {https://CRAN.R-project.org/package=forcats},
}
@Book{R-ggplot2,
  author = {Hadley Wickham},
  title = {ggplot2: Elegant Graphics for Data Analysis},
  publisher = {Springer-Verlag New York},
  year = {2016},
  isbn = {978-3-319-24277-4},
  url = {https://ggplot2.tidyverse.org},
}
@Article{R-lme4,
  title = {Fitting Linear Mixed-Effects Models Using {lme4}},
  author = {Douglas Bates and Martin M{\"a}chler and Ben Bolker and Steve Walker},
  journal = {Journal of Statistical Software},
  year = {2015},
  volume = {67},
  number = {1},
  pages = {1--48},
  doi = {10.18637/jss.v067.i01},
}
@Manual{R-magrittr,
  title = {magrittr: A Forward-Pipe Operator for R},
  author = {Stefan Milton Bache and Hadley Wickham},
  year = {2014},
  note = {R package version 1.5},
  url = {https://CRAN.R-project.org/package=magrittr},
}
@Book{R-MASS,
  title = {Modern Applied Statistics with S},
  author = {W. N. Venables and B. D. Ripley},
  publisher = {Springer},
  edition = {Fourth},
  address = {New York},
  year = {2002},
  note = {ISBN 0-387-95457-0},
  url = {http://www.stats.ox.ac.uk/pub/MASS4},
}
@Manual{R-Matrix,
  title = {Matrix: Sparse and Dense Matrix Classes and Methods},
  author = {Douglas Bates and Martin Maechler},
  year = {2019},
  note = {R package version 1.2-18},
  url = {https://CRAN.R-project.org/package=Matrix},
}
@Manual{R-papaja,
  author = {Frederik Aust and Marius Barth},
  title = {{papaja}: {Create} {APA} manuscripts with {R Markdown}},
  year = {2020},
  note = {R package version 0.1.0.9997},
  url = {https://github.com/crsh/papaja},
}
@Manual{R-purrr,
  title = {purrr: Functional Programming Tools},
  author = {Lionel Henry and Hadley Wickham},
  year = {2020},
  note = {R package version 0.3.4},
  url = {https://CRAN.R-project.org/package=purrr},
}
@Manual{R-readr,
  title = {readr: Read Rectangular Text Data},
  author = {Hadley Wickham and Jim Hester and Romain Francois},
  year = {2018},
  note = {R package version 1.3.1},
  url = {https://CRAN.R-project.org/package=readr},
}
@Manual{R-reticulate,
  title = {reticulate: Interface to 'Python'},
  author = {Kevin Ushey and JJ Allaire and Yuan Tang},
  year = {2020},
  note = {R package version 1.16},
  url = {https://CRAN.R-project.org/package=reticulate},
}
@Manual{R-stringr,
  title = {stringr: Simple, Consistent Wrappers for Common String Operations},
  author = {Hadley Wickham},
  year = {2019},
  note = {R package version 1.4.0},
  url = {https://CRAN.R-project.org/package=stringr},
}
@Manual{R-tibble,
  title = {tibble: Simple Data Frames},
  author = {Kirill Müller and Hadley Wickham},
  year = {2020},
  note = {R package version 3.0.3},
  url = {https://CRAN.R-project.org/package=tibble},
}
@Manual{R-tidyr,
  title = {tidyr: Tidy Messy Data},
  author = {Hadley Wickham and Lionel Henry},
  year = {2020},
  note = {R package version 1.1.0},
  url = {https://CRAN.R-project.org/package=tidyr},
}
@Article{R-tidyverse,
  title = {Welcome to the {tidyverse}},
  author = {Hadley Wickham and Mara Averick and Jennifer Bryan and Winston Chang and Lucy D'Agostino McGowan and Romain François and Garrett Grolemund and Alex Hayes and Lionel Henry and Jim Hester and Max Kuhn and Thomas Lin Pedersen and Evan Miller and Stephan Milton Bache and Kirill Müller and Jeroen Ooms and David Robinson and Dana Paige Seidel and Vitalie Spinu and Kohske Takahashi and Davis Vaughan and Claus Wilke and Kara Woo and Hiroaki Yutani},
  year = {2019},
  journal = {Journal of Open Source Software},
  volume = {4},
  number = {43},
  pages = {1686},
  doi = {10.21105/joss.01686},
}
@Article{R-lmerTest,
  title = {{lmerTest} Package: Tests in Linear Mixed Effects Models},
  author = {Alexandra Kuznetsova and Per B. Brockhoff and Rune H. B. Christensen},
  journal = {Journal of Statistical Software},
  year = {2017},
  volume = {82},
  number = {13},
  pages = {1--26},
  doi = {10.18637/jss.v082.i13},
}
@Manual{R-kableExtra,
  title = {kableExtra: Construct Complex Table with 'kable' and Pipe Syntax},
  author = {Hao Zhu},
  year = {2019},
  note = {R package version 1.1.0},
  url = {https://CRAN.R-project.org/package=kableExtra},
}
@Manual{R-cowplot,
  title = {cowplot: Streamlined Plot Theme and Plot Annotations for 'ggplot2'},
  author = {Claus O. Wilke},
  year = {2019},
  note = {R package version 1.0.0},
  url = {https://CRAN.R-project.org/package=cowplot},
}

@article{oldfield1971,
  title={The assessment and analysis of handedness: The {Edinburgh} inventory},
  volume={9},
  ISSN={0028-3932},
  url={http://www.sciencedirect.com/science/article/pii/0028393271900674},
  DOI={10.1016/0028-3932(71)90067-4},
  number={1},
  journal={Neuropsychologia},
  author={Oldfield, R. C.},
  year={1971},
  month={Mar},
  pages={97–113}
}

@article{americanelectroencephalographicsociety1991,
  title={{American Electroencephalographic Society} guidelines for standard electrode position nomenclature},
  volume={8},
  ISSN={0736-0258},
  number={2},
  journal={Journal of Clinical Neurophysiology},
  author={{American Electroencephalographic Society}},
  year={1991},
  month={Apr},
  pages={200–202}
}

@article{gramfort2013,
  title={MEG and {EEG} data analysis with {MNE-Python}},
  volume={7},
  ISSN={1662-453X},
  url={https://www.frontiersin.org/articles/10.3389/fnins.2013.00267/full},
  DOI={10.3389/fnins.2013.00267},
  note={Publisher: Frontiers},
  journal={Frontiers in Neuroscience},
  author={Gramfort, Alexandre and Luessi, Martin and Larson, Eric and Engemann, Denis A. and Strohmeier, Daniel and Brodbeck, Christian and Goj, Roman and Jas, Mainak and Brooks, Teon and Parkkonen, Lauri and et al.},
  year={2013}
}

@book{pythonsoftwarefoundation2020,
  address={Beaverton, USA},
  title={Python: A dynamic, open source programming language},
  url={https://www.python.org/},
  author={{Python Software Foundation}},
  year={2020}
}

@article{hyvärinen1999,
  title={Fast and robust fixed-point algorithms for independent component analysis},
  volume={10},
  ISSN={1941-0093},
  DOI={10.1109/72.761722},
  note={Conference Name: IEEE Transactions on Neural Networks},
  number={3},
  journal={IEEE Transactions on Neural Networks},
  author={Hyvärinen, A.},
  year={1999},
  month={May},
  pages={626–634}
}

@article{frömer2018,
  title={Group-level {EEG}-processing pipeline for flexible single trial-based analyses including linear mixed models},
  volume={12},
  ISSN={1662-453X},
  url={https://www.frontiersin.org/articles/10.3389/fnins.2018.00048/full},
  DOI={10.3389/fnins.2018.00048},
  note={Publisher: Frontiers},
  journal={Frontiers in Neuroscience},
  author={Frömer, Romy and Maier, Martin and Abdel Rahman, Rasha},
  year={2018}
}

@article{baayen2008,
  series={Special Issue: Emerging Data Analysis},
  title={Mixed-effects modeling with crossed random effects for subjects and items},
  volume={59},
  ISSN={0749-596X},
  url={http://www.sciencedirect.com/science/article/pii/S0749596X07001398},
  DOI={10.1016/j.jml.2007.12.005},
  number={4},
  journal={Journal of Memory and Language},
  author={Baayen, R. H. and Davidson, D. J. and Bates, D. M.},
  year={2008},
  month={Nov},
  pages={390–412},
  collection={Special Issue: Emerging Data Analysis}
}

@article{bürki2018,
  title={Accounting for stimulus and participant effects in event-related potential analyses to increase the replicability of studies},
  volume={309},
  ISSN={0165-0270},
  url={http://www.sciencedirect.com/science/article/pii/S0165027018302772},
  DOI={10.1016/j.jneumeth.2018.09.016},
  journal={Journal of Neuroscience Methods},
  author={Bürki, Audrey and Frossard, Jaromil and Renaud, Olivier},
  year={2018},
  month={Nov},
  pages={218–227}
}

@article{judd2012,
  title={Treating stimuli as a random factor in social psychology: A new and comprehensive solution to a pervasive but largely ignored problem},
  volume={103},
  ISSN={1939-1315(Electronic),0022-3514(Print)},
  DOI={10.1037/a0028347},
  note={Place: US},
  number={1},
  journal={Journal of Personality and Social Psychology},
  author={Judd, Charles M. and Westfall, Jacob and Kenny, David A.},
  year={2012},
  pages={54–69}
}

@article{fröber2017,
  title={The role of affective evaluation in conflict adaptation: An {LRP} study},
  volume={116},
  ISSN={0278-2626},
  url={http://www.sciencedirect.com/science/article/pii/S0278262616301853},
  DOI={10.1016/j.bandc.2017.05.003},
  journal={Brain and Cognition},
  author={Fröber, Kerstin and Stürmer, Birgit and Frömer, Romy and Dreisbach, Gesine},
  year={2017},
  month={Aug},
  pages={9–16}
}

@article{barr2013,
  title={Random effects structure for confirmatory hypothesis testing: Keep it maximal},
  volume={68},
  ISSN={0749-596X},
  url={https://www.ncbi.nlm.nih.gov/pmc/articles/PMC3881361/},
  DOI={10.1016/j.jml.2012.11.001},
  note={PMID: 24403724},
  number={3},
  journal={Journal of Memory and Language},
  author={Barr, Dale J. and Levy, Roger and Scheepers, Christoph and Tily, Harry J.},
  year={2013},
  month={Apr},
  pages={255–278}
}

@article{matuschek2017,
  title={Balancing {Type I} error and power in linear mixed models},
  volume={94},
  ISSN={0749-596X},
  url={http://www.sciencedirect.com/science/article/pii/S0749596X17300013},
  DOI={10.1016/j.jml.2017.01.001},
  journal={Journal of Memory and Language},
  author={Matuschek, Hannes and Kliegl, Reinhold and Vasishth, Shravan and Baayen, Harald and Bates, Douglas},
  year={2017},
  month={Jun},
  pages={305–315}
}

@book{vanrossum2009,
  place={Scotts Valley, CA},
  title={Python 3 reference manual},
  ISBN={1-4414-1269-7},
  note={Citation Key: 10.5555/1593511},
  publisher={CreateSpace},
  author={{van Rossum}, Guido and Drake, Fred L.},
  year={2009}
}

@article{samaha2018,
  title={Effects of meaningfulness on perception: Alpha-band oscillations carry perceptual expectations and influence early visual responses},
  volume={8},
  ISSN={2045-2322},
  url={https://www.nature.com/articles/s41598-018-25093-5},
  DOI={10.1038/s41598-018-25093-5},
  note={Number: 1},
  number={1},
  journal={Scientific Reports},
  author={Samaha, Jason and Boutonnet, Bastien and Postle, Bradley R. and Lupyan, Gary},
  year={2018},
  month={Apr},
  pages={1–14}
}

@article{kutas2011,
  title={Thirty years and counting: finding meaning in the {N400} component of the event-related brain potential ({ERP})},
  volume={62},
  ISSN={1545-2085},
  DOI={10.1146/annurev.psych.093008.131123},
  note={PMID: 20809790},
  journal={Annual Review of Psychology},
  author={Kutas, Marta and Federmeier, Kara D.},
  year={2011},
  pages={621–647}
}

@article{rabovsky2018,
  title={Modelling the {N400} brain potential as change in a probabilistic representation of meaning},
  volume={2},
  ISSN={2397-3374},
  url={https://www.nature.com/articles/s41562-018-0406-4},
  DOI={10.1038/s41562-018-0406-4},
  note={Number: 9},
  number={9},
  journal={Nature Human Behaviour},
  author={Rabovsky, Milena and Hansen, Steven S. and McClelland, James L.},
  year={2018},
  month={Sep},
  pages={693–705}
}

@article{tanaka2001,
  title={A neural basis for expert object recognition},
  volume={12},
  ISSN={0956-7976},
  url={https://doi.org/10.1111/1467-9280.00308},
  DOI={10.1111/1467-9280.00308},
  note={Publisher: SAGE Publications Inc},
  number={1},
  journal={Psychological Science},
  author={Tanaka, James W. and Curran, Tim},
  year={2001},
  month={Jan},
  pages={43–47}
}

@article{lau2008,
  title={A cortical network for semantics: (De)constructing the {N400}},
  volume={9},
  ISSN={1471-0048},
  url={https://www.nature.com/articles/nrn2532},
  DOI={10.1038/nrn2532},
  note={Number: 12},
  number={12},
  journal={Nature Reviews Neuroscience},
  author={Lau, Ellen F. and Phillips, Colin and Poeppel, David},
  year={2008},
  month={Dec},
  pages={920–933}
}

@article{schad2020,
  title={How to capitalize on a priori contrasts in linear (mixed) models: A tutorial},
  volume={110},
  ISSN={0749-596X},
  url={http://www.sciencedirect.com/science/article/pii/S0749596X19300695},
  DOI={10.1016/j.jml.2019.104038},
  journal={Journal of Memory and Language},
  author={Schad, Daniel J. and Vasishth, Shravan and Hohenstein, Sven and Kliegl, Reinhold},
  year={2020},
  month={Feb},
  pages={104038}
}

@article{abdelrahman2008,
  title={Seeing what we know and understand: how knowledge shapes perception},
  volume={15},
  ISSN={1531-5320},
  url={https://doi.org/10.3758/PBR.15.6.1055},
  DOI={10.3758/PBR.15.6.1055},
  number={6},
  journal={Psychonomic Bulletin & Review},
  author={Abdel Rahman, Rasha and Sommer, Werner},
  year={2008},
  month={Dec},
  pages={1055–1063}
}

@article{gauthier2003,
  title={The influence of conceptual knowledge on visual discrimination},
  volume={20},
  ISSN={0264-3294},
  url={https://doi.org/10.1080/02643290244000275},
  DOI={10.1080/02643290244000275},
  note={Publisher: Routledge _eprint: https://doi.org/10.1080/02643290244000275},
  number={3-6},
  journal={Cognitive Neuropsychology},
  author={Gauthier, Isabel and James, Thomas W. and Curby, Kim M. and Tarr, Michael J.},
  year={2003},
  month={May},
  pages={507–523}
}

@article{gratton2009,
  title={See what {I} mean? An {ERP} study of the effect of background knowledge on novel object processing},
  volume={37},
  ISSN={1532-5946},
  url={https://doi.org/10.3758/MC.37.3.277},
  DOI={10.3758/MC.37.3.277},
  number={3},
  journal={Memory & Cognition},
  author={Gratton, Caterina and Evans, Karen M. and Federmeier, Kara D.},
  year={2009},
  month={Apr},
  pages={277–291}
}

@article{maier2014,
  title={Does the semantic content of verbal categories influence categorical perception? An {ERP} study},
  volume={91},
  ISSN={0278-2626},
  url={http://www.sciencedirect.com/science/article/pii/S0278262614001250},
  DOI={10.1016/j.bandc.2014.07.008},
  journal={Brain and Cognition},
  author={Maier, Martin and Glage, Philipp and Hohlfeld, Annette and Abdel Rahman, Rasha},
  year={2014},
  month={Nov},
  pages={1–10}
}

@article{maier2019,
  title={No matter how: top-down effects of verbal and semantic category knowledge on early visual perception},
  volume={19},
  ISSN={1531-135X},
  url={https://link.springer.com/article/10.3758/s13415-018-00679-8},
  DOI={10.3758/s13415-018-00679-8},
  note={Company: Springer Institution: Springer Number: 4},
  number={4},
  journal={Cognitive, Affective, & Behavioral Neuroscience},
  author={Maier, Martin and Rahman, Rasha Abdel},
  year={2019},
  month={Aug},
  pages={859–876}
}

@article{weller2019,
  title={Semantic knowledge enhances conscious awareness of visual objects},
  volume={31},
  ISSN={1530-8898},
  DOI={10.1162/jocn_a_01404},
  note={PMID: 30938592},
  number={8},
  journal={Journal of Cognitive Neuroscience},
  author={Weller, Peter D. and Rabovsky, Milena and Abdel Rahman, Rasha},
  year={2019},
  month={Aug},
  pages={1216–1226}
}

@article{rossion2002,
  title={Expertise training with novel objects leads to left-lateralized facelike electrophysiological responses},
  ISSN={1467-9280},
  archiveLocation={Sage CA: Los Angeles, CA},
  url={https://journals.sagepub.com/doi/10.1111/1467-9280.00446},
  note={Publisher: SAGE PublicationsSage CA: Los Angeles, CA},
  journal={Psychological Science},
  author={Rossion, B. and Gauthier, I. and Goffaux, V. and Tarr, M. J. and Crommelinck, M.},
  year={2002}
}

@article{rossion2004,
  title={Visual expertise with nonface objects leads to competition with the early perceptual processing of faces in the human occipitotemporal cortex},
  volume={101},
  ISSN={0027-8424},
  url={https://www.ncbi.nlm.nih.gov/pmc/articles/PMC521961/},
  DOI={10.1073/pnas.0405613101},
  note={PMID: 15448209},
  number={40},
  journal={Proceedings of the National Academy of Sciences of the United States of America},
  author={Rossion, Bruno and Kung, Chun-Chia and Tarr, Michael J.},
  year={2004},
  month={Oct},
  pages={14521–14526}
}

@article{holmes2012,
  title={Does categorical perception in the left hemisphere depend on language?},
  volume={141},
  ISSN={1939-2222},
  DOI={10.1037/a0027289},
  note={PMID: 22329751},
  number={3},
  journal={Journal of Experimental Psychology. General},
  author={Holmes, Kevin J. and Wolff, Phillip},
  year={2012},
  month={Aug},
  pages={439–443}
}

@article{firestone2016,
  title={Cognition does not affect perception: Evaluating the evidence for “top-down” effects},
  volume={39},
  ISSN={0140-525X, 1469-1825},
  url={https://www.cambridge.org/core/journals/behavioral-and-brain-sciences/article/cognition-does-not-affect-perception-evaluating-the-evidence-for-topdown-effects/920E2AE74C642DD3CB3FA8160EA1D84A#},
  DOI={10.1017/S0140525X15000965},
  note={Publisher: Cambridge University Press},
  journal={Behavioral and Brain Sciences},
  author={Firestone, Chaz and Scholl, Brian J.},
  year={2016}
}

@inbook{rossion2011,
  title={The {N170}: Understanding the time course of face perception in the human brain},
  ISBN={978-0-19-994035-6},
  url={https://www.oxfordhandbooks.com/view/10.1093/oxfordhb/9780195374148.001.0001/oxfordhb-9780195374148},
  DOI={10.1093/oxfordhb/9780195374148.001.0001},
  note={Publication Title: The {Oxford} Handbook of Event-Related Potential Components},
  booktitle={The {Oxford} Handbook of Event-Related Potential Components},
  publisher={Oxford University Press},
  author={Rossion, Bruno and Jacques, Corentin},
  editor={Kappenman, Emily S. and Luck, Steven J.},
  year={2011},
  month={Dec},
  pages={115–142}
}
